2768 4838
282 298 338 352 ιι
362 300 396 367 o.
421 301 570 352 nonam
594 301 723 353 micci
747 302 1090 403 οιιιιιιιιιιιιιιι.
1163 291 1268 366 ιιι

203 457 269 544 Ut,
294 457 456 550 pomata
479 465 576 529 tacet
597 448 890 555 Hermogenes,
889 470 1147 539 caritortoinen
1161 478 1269 568 atque

203 561 368 682 Optimus
395 569 447 629 est
469 563 683 635 modulator.

145 665 260 756 Atque
275 687 349 757 pari
339 664 470 732 modo
484 666 579 735 Libri
592 667 618 738 L
633 665 744 736 Satira
762 688 869 754 nona,
893 690 997 758 qnam
1009 692 1040 741 a.
1055 670 1099 743 U.
1121 674 1162 745 C.
1177 658 1265 748 tlt.

144 770 278 860 scripsit
298 768 475 854 Horatius,
511 770 577 838 et
566 782 601 837 ιι
631 792 701 862 qna
728 769 871 838 mirabili
893 771 1049 865 lepore
1038 787 1267 871 importunum

143 871 320 993 quoddam
341 869 515 940 hominum
548 894 674 964 genus,
714 873 773 962 qni
810 872 982 946 doctrinae
1012 878 1267 975 elegantiaeqna

143 976 292 1070 speciem
306 997 391 1066 piae
405 997 442 1042 se
461 974 607 1047 ferentes
627 975 794 1068 Augusti,
820 974 1027 1048 Maecenatis
1056 983 1266 1078 aliorumque

141 1079 334 1175 principum
353 1078 500 1145 virorum
519 1079 672 1147 favorem
694 1086 912 1170 appeterent,
933 1083 1117 1155 verissimis
1139 1089 1267 1159 colori·
1321 1074 1324 1079 ⁵

141 1183 205 1252 bus
232 1180 446 1273 depinxit,
436 1201 497 1268 is,
514 1181 573 1271 qui
595 1182 707 1273 ipsum
729 1183 764 1248 in
792 1181 848 1249 via
868 1205 965 1251 sacra
993 1184 1266 1263 deambulantem

140 1278 326 1379 impudenti
343 1283 538 1376 garrulitate
553 1293 736 1354 assectatur
754 1292 790 1354 et
810 1286 1080 1380 quasi-obsidet,
1104 1291 1152 1360 ita
1174 1317 1212 1364 se
1232 1294 1265 1364 ei

141 1387 355 1461 commendat
366 1408 398 1454 v.
412 1385 474 1455 23.

192 1492 236 1564 Si·
260 1488 551 1576 heremanni,
575 1510 646 1558 aon
675 1487 816 1559 Viscum
834 1489 956 1582 pluris
980 1493 1146 1581 ornicum,

189 1595 273 1666 Nori
304 1593 452 1662 Varium
466 1591 608 1687 socies:
632 1615 718 1661 nom
743 1593 822 1685 quis
845 1614 904 1663 me
927 1594 1084 1666 scribae
1102 1597 1231 1690 plures

189 1699 266 1768 Aut
291 1697 393 1766 eitius
415 1696 528 1790 possit
551 1717 697 1788 versas5
720 1698 799 1788 quis
822 1694 986 1765 membra
1010 1720 1152 1770 mooeie

189 1795 363 1871 Mallius?
387 1799 547 1868 invideat
571 1799 667 1890 quod
692 1806 727 1867 et
749 1791 1015 1891 Hermogenes,
1033 1824 1121 1897 ¹ego
1145 1809 1261 1874 curuo.

137 1905 177 1973 In
191 1915 335 1993 unoque
350 1903 429 1970 loco
443 1901 670 1993 Hermogenis
683 1924 807 1970 nomen
821 1923 999 1972 commune
1022 1916 1072 1974 est
1086 1929 1151 1999 pro
1167 1907 1261 1999 opti-

136 2031 195 2077 mo
219 2028 357 2098 quoque
380 2013 517 2072 cantore
536 2012 571 2072 et
598 2003 827 2093 animatore,
862 2027 941 2074 cum
962 2027 1023 2095 eo,
1056 2031 1126 2098 quo
1149 2009 1261 2079 Satira

136 2112 234 2180 tertia
249 2118 283 2178 et
297 2129 386 2175 nona
398 2107 647 2195 scribebantur,
671 2116 828 2200 tempore
852 2107 908 2176 ille
927 2108 1003 2201 jam
1025 2109 1116 2180 alieni
1137 2135 1261 2204 supre-

135 2236 230 2283 inum
254 2213 398 2281 obiisset.
449 2209 654 2297 Demetrius,
682 2234 829 2300 quocum
854 2211 923 2280 Sat.
945 2211 971 2278 Ι·.
992 2211 1051 2281 10.
1072 2237 1103 2281 ι.
1119 2212 1180 2281 tio.
1201 2214 1261 2283 ius

135 2325 310 2408 tamquam
329 2314 421 2382 vivus
438 2313 553 2381 adhuc
574 2314 807 2406 conjungitur,
832 2313 977 2407 fortasse
996 2313 1032 2381 in
1054 2315 1173 2383 schola
1192 2317 1260 2386 mi·-

134 2438 283 2507 ιιιιιιι,
318 2440 408 2507 quae
424 2425 573 2485 maestae
596 2438 638 2484 ac
657 2417 818 2486 sollicitae
839 2438 913 2485 essa
935 2415 1092 2487 dicuntur
1113 2419 1260 2490 cantoris
1351 2462 1354 2469 ·

132 2534 243 2594 morte
258 2522 386 2615 Tigelli
399 2519 564 2592 sarit.
579 2540 610 2589 ι
612 2516 683 2605 “.,2
702 2520 774 2590 fuit
788 2539 972 2591 successor.
1127 2536 1129 2540 ·

234 2723 364 2793 Verani
385 2723 477 2793 idem
505 2722 557 2796 M.
560 2565 744 2816 Tigellius
764 2726 1018 2846 Hermogenes,
1053 2712 1259 2818 peregrim

132 2829 212 2897 licet
227 2826 362 2919 originis
377 2826 499 2908 homo,
526 2826 619 2918 apud
640 2828 779 2897 civitatis
801 2828 972 2922 principes
988 2850 1121 2897 sumnia
1142 2830 1259 2899 floruit

132 2933 252 3024 gratia.
304 2927 404 3013 ¹(inae
422 2928 632 2996 necessitudo
654 2928 838 3001 Caesarem
860 2929 1084 3002 Octavianum
1111 2931 1199 3001 inter
1221 2938 1259 3002 et

131 3037 232 3105 istum
245 3033 457 3127 phonascum
475 3032 714 3120 intercesserit,
740 3034 813 3127 ejas
834 3035 885 3105 rei
908 3036 986 3106 satis
1009 3033 1172 3104 elbertum
1189 3033 1257 3104 bn·

130 3138 250 3208 bemus
265 3146 403 3222 testem,
427 3137 542 3228 ipsum
555 3135 735 3205 Horatium
750 3139 821 3211 Sat.
842 3139 869 3208 b
896 3135 931 3206 2.
950 3159 983 3207 ι
998 3133 1034 3206 4
1060 3137 1129 3207 Iste
1148 3136 1256 3227 honio
1320 3206 1324 3215 ,

132 3240 276 3308 difficilis
289 3262 329 3308 ac
342 3261 495 3308 morosus
509 3263 537 3308 si
526 3239 657 3308 nollet
668 3250 821 3339 cantare,
836 3263 880 3310 rie
896 3237 1100 3330 Octavianus
1114 3222 1262 3330 quinem

129 3345 288 3435 precibus
303 3342 489 3432 quidquam
507 3342 662 3436 profecit
713 3330 794 3414 Non
814 3345 919 3412 miror
936 3324 1163 3413 Oetarianum
1183 3342 1254 3437 bo·

129 3446 226 3514 minis
247 3455 317 3513 tani
338 3445 518 3514 insolenter
539 3469 613 3514 sese
628 3440 776 3537 gerentis
791 3448 997 3542 patientem
1022 3445 1171 3515 admiror
1188 3466 1254 3514 aa·

129 3557 199 3618 tem
227 3546 406 3617 Horatium
432 3549 595 3641 ingenua⁴
612 3549 766 3619 libertate
796 3560 886 3622 tecte
914 3550 1176 3645 exprobrantem
1203 3547 1253 3618 illi

59 3712 61 3717 .
128 3650 273 3745 principi
292 3658 363 3717 tani
383 3649 594 3720 inhonestam
611 3653 815 3744 patientiam.
875 3653 991 3739 Quam
1009 3652 1166 3720 lubenter
1188 3672 1254 3720 au-

128 3765 198 3823 tem
222 3752 425 3824 Octavianus
459 3754 631 3846 homines,
669 3757 798 3853 ingenii
826 3755 975 3848 quadam
1006 3755 1184 3824 festivitate
1216 3760 1252 3824 at

128 3859 288 3927 facilitate
305 3857 522 3944 excellentes,
547 3858 583 3926 in
607 3880 668 3926 sua
687 3860 909 3930 familiaritate
929 3858 1109 3946 babuerit,
1131 3859 1168 3927 et
1187 3878 1253 3927 so·

126 3983 204 4031 rum
218 3959 413 4032 insolentiae
434 3983 536 4053 quain
556 3961 658 4031 fuerit
677 3963 828 4056 patiens,
844 3963 983 4035 ostendi
1000 3963 1035 4031 in
1057 3959 1249 4036 Commeat.
1349 4004 1363 4037 ,-

127 4065 175 4134 de
187 4064 335 4137 Jurbitu
353 4054 563 4157 Timagenis
578 4062 850 4163 oeniulatore§.
866 4065 902 4135 2
951 4065 1034 4137 Huo
1050 4062 1249 4153 accolebat

126 4169 221 4259 qnod
242 4168 408 4263 'ligellius
429 4190 590 4289 magnam
613 4166 758 4241 bnberm
782 4166 1109 4264 commendationem
1135 4165 1180 4237 ab
1206 4187 1250 4236 ea

126 4281 217 4360 arte,
231 4296 285 4343 cui
274 4272 512 4343 illemaxime
527 4272 710 4362 muchan
724 4270 1124 4347 mansionaticas
1139 4293 1170 4345 e.
1184 4266 1254 4341 84»
