2768 4838
343 314 399 369 un
423 314 464 371 ιι
487 313 619 367 scrire
643 312 1058 386 crescone-roura·
1178 290 1268 363 311.

136 488 242 562 porc,
265 476 336 557 quo
351 464 512 535 Horatius
534 465 570 535 iu
587 464 673 535 llora
685 464 801 533 usuts
817 464 1012 537 constitutos
1026 462 1256 533 §adcesseri-

135 572 225 663 psit,
249 568 370 637 Furius
388 568 592 653 Bibaculus,
617 589 721 658 quem
744 590 775 641 o.
796 564 842 637 U.
866 564 914 636 (l.
936 563 1024 635 651.
1046 576 1162 638 natum
1182 588 1258 637 esse

136 673 307 759 vidimus„
328 677 431 741 senex
450 671 528 765 jam
548 671 611 742 luit
634 670 920 763 septuagenarius.
983 668 1100 739 Fuerit
1112 693 1265 739 ¹successe.

136 786 188 845 est
202 777 362 845 robustae
377 775 499 845 Pluius
512 783 669 860 naturae,
694 774 750 843 cui
770 796 883 863 neque
899 772 1045 841 edacitas
1066 796 1179 863 neque
1201 773 1267 842 bi·'-

134 880 264 947 bacitas
286 878 415 964 obfuit,
440 899 510 968 quo
528 879 637 946 minus
657 874 760 945 ‘vitam
783 874 829 944 ad
852 878 994 967 longam
1016 899 1178 947 amonim
1196 890 1258 945 'se-

135 984 220 1051 riem
243 980 467 1073 produceret,
500 990 538 1049 ut
566 980 625 1049 ille
647 980 689 1049 L.
712 979 913 1072 Calpurnius
941 979 1039 1066 Piso,
1071 980 1146 1069 qui,
1178 1000 1259 1047 cum

135 1094 271 1156 noctem
302 1085 563 1173 continuumque
583 1081 725 1152 biduum
749 1080 919 1174 epulando
941 1078 1160 1173 potandoque
1178 1105 1258 1151 cum

135 1187 277 1257 'liberio
285 1186 393 1257 Urbis
406 1187 656 1280 praefecturam
670 1187 845 1255 meruisset
860 1186 909 1277 (v.
924 1184 1066 1257 Sueton.
1077 1182 1257 1274 Tisse),

136 1290 182 1359 sd
202 1292 449 1385 octogesimum
474 1290 590 1359 aetatis
608 1300 738 1359 dunum
763 1290 861 1357 vixit:
896 1288 941 1357 cf.
967 1287 1034 1355 llio
1057 1286 1151 1357 Cass.
1177 1287 1267 1363 nio„

134 1392 257 1463 Lvllt
272 1392 333 1463 19.
347 1404 382 1465 ct
395 1393 507 1466 Tacit.
520 1394 642 1463 Annal.
656 1392 714 1463 vl.
729 1390 790 1461 ll.
839 1374 896 1461 Ex
915 1389 984 1459 hoc
1005 1399 1119 1459 autem
1139 1392 1267 1487 estotim

135 1496 325 1566 discrimine
337 1497 415 1565 vide
435 1520 525 1587 quae
542 1495 755 1589 conjiciendo
773 1493 952 1565 deducam.
1002 1492 1161 1563 Horatius¹
1177 1508 1265 1567 curn..

133 1599 216 1668 illa
206 1622 242 1669 ιιι
253 1598 393 1669 Furium
407 1602 587 1686 scriberet,
613 1608 737 1691 vegeta
752 1582 866 1668 adlru'c
878 1597 943 1667 fuit
957 1605 1084 1681 aetate,
1109 1598 1264 1669 necdum.

134 1702 210 1790 illo,
244 1701 289 1773 de
310 1726 381 1794 qno
402 1704 575 1796 Augustus
591 1702 745 1795 jocatur,
780 1701 963 1771 ventriculo
985 1702 1184 1788 instructus,
1208 1702 1257 1769 ite

133 1814 173 1874 ut
193 1805 385 1899 projectum
407 1806 502 1876 Furii
521 1817 692 1893 ventrem,
724 1805 783 1895 qui
802 1804 979 1873 senectutis
1000 1812 1081 1893 post
1097 1804 1229 1873 vitam
1219 1825 1256 1873 m

132 1904 363 1997 frequentibus
378 1909 536 1976 conviviis
552 1914 588 1975 e't
606 1907 908 1999 compotationibus
920 1914 1129 1975 mundam·
1139 1929 1255 1977 comes
1290 1972 1294 1981 .

133 2032 208 2078 esse
232 2011 337 2096 solet,
368 2016 442 2077 tuto
466 2018 582 2100 posset
609 2009 759 2080 irridere.
817 2009 1027 2101 Dispuderet
1050 2008 1176 2079 lrercle·
1197 2032 1256 2081 me

134 2132 237 2180 curae
252 2122 353 2202 atque
374 2135 501 2204 operae
524 2113 559 2181 in
578 2122 650 2182 tam
665 2113 786 2206 putida
799 2136 838 2183 re
853 2113 1001 2205 positae,
1026 2113 1087 2183 nisi
1101 2137 1180 2183 mea
1199 2116 1256 2183 in-

132 2223 289 2301 teresset,
315 2224 352 2282 ut
365 2214 452 2283 lraec
467 2218 736 2306 praemittercm,
762 2239 831 2305 quo
851 2216 969 2284 melius
990 2216 1153 2307 asperitas
1175 2241 1256 2286 rer-

131 2318 254 2386 borum
270 2326 373 2408 atquc
387 2319 561 2405 irrisionis,
587 2341 656 2409 qua
664 2310 828 2387 Horatius
851 2319 886 2385 in
899 2316 1040 2385 Furium
1062 2320 1179 2407 utitur,
1205 2322 1255 2389 sis

133 2430 167 2490 et
179 2444 323 2489 acumen
335 2421 598 2514 perspiciantur,
624 2430 660 2491 et
680 2438 737 2506 ea,
764 2442 852 2511 quae
866 2442 952 2513 ego,
975 2429 1151 2510 tamquam
1169 2445 1256 2491 con-

132 2526 289 2611 sectaria,
314 2525 401 2593 infre
415 2526 585 2615 positurus
601 2545 696 2613 sam,
719 2522 1073 2617 majorem-accipiant
1088 2524 1260 2615 probabi-s

131 2626 229 2695 litatis
248 2626 586 2701 commendationem.
636 2626 732 2696 Ecce
750 2628 856 2711 enim,
882 2629 1194 2721 quampctulrirtcr
1219 2638 1255 2699 et

130 2751 245 2797 amere
258 2739 363 2821 poeta
368 2729 504 2821 juvenis
520 2731 556 2797 in
576 2752 693 2799 senem
710 2740 824 2799 ratem
842 2728 992 2799 insultet!
1022 2730 1169 2820 ¹Furius,
1197 2732 1254 2801 iir-

131 2832 221 2923 qnit,
246 2832 350 2924 gulae
371 2831 505 2899 deditus
526 2832 674 2921 ideoque
697 2832 925 2923 corpulentior
951 2840 988 2901 et
1004 2831 1153 2903 habitior
1162 2858 1254 2905 con-

102 2978 106 2983 ·
127 2936 222 3027 spuit
235 2936 341 3027 Alpes
355 2957 439 3003 cana
452 2933 576 3004 nive-n
590 2957 621 3003 e.
635 2943 754 3026 sputo,
775 2933 858 3005 dum
872 2943 915 3005 οι·
924 2936 1052 3028 aperit,
1072 2938 1253 3007 ebulliente

131 3040 327 3132 conspergit
350 3039 446 3130 quasi
466 3035 593 3130 Alpes,
615 3058 712 3127 ¹quas
731 3038 888 3107 nimirum
915 3040 1063 3107 carmine
1081 3038 1250 3111 describit.

129 3141 210 3209 Non
224 3140 383 3231 equidem
396 3141 563 3231 diffiteor,
589 3138 730 3234 dignum
743 3141 847 3210 fuisse
862 3141 1019 3228 Furium,
1037 3138 1097 3233 qni
1110 3143 1155 3211 ob
1170 3143 1252 3213 Ho-

129 3244 215 3311 ratio
227 3244 372 3313 ludibrio
386 3244 569 3313 baberetur
584 3245 631 3313 ob
647 3254 717 3313 tam
736 3244 893 3336 putidum
906 3246 1063 3314 orationis
1081 3253 1252 3317 tumorem

130 3354 165 3413 et
178 3340 373 3441 ληκύθους,
398 3349 515 3439 quales
528 3357 601 3415 tum
615 3348 650 3416 iu
665 3347 735 3415 lroc
750 3368 851 3416 versu
866 3347 1163 3439 deprehendimus,
1177 3358 1252 3417 tum

130 3445 230 3514 ctiam
252 3449 287 3515 in
305 3449 416 3519 serbis
437 3450 594 3543 insontes
612 3456 753 3519 etatum
773 3449 1004 3543 agnoscimust
1031 3474 1120 3542 quae
1144 3453 1251 3521 verba

127 3574 196 3619 non
218 3550 358 3619 dubium
388 3561 439 3621 cst
470 3554 561 3643 quin.
579 3554 683 3645 ipsius
707 3576 846 3645 quoque
866 3553 960 3623 Furii
982 3554 1065 3644 siut,
1093 3578 1250 3647 quaeque

128 3676 207 3723 cum
220 3654 336 3725 Schol.
357 3652 461 3745 Cruq.
484 3664 620 3742 mutos,
646 3657 850 3749 praeloqui
868 3678 937 3727 nort
950 3662 1119 3751 possunt,
1143 3660 1251 3727 inter-

126 3759 252 3848 pretari
270 3757 401 3847 malim,
428 3766 532 3848 quum
545 3782 624 3827 cum
646 3760 867 3829 Heindorlio:
892 3780 1016 3829 recena
1030 3760 1178 3855 sactus,
1204 3784 1254 3830 cre

126 3860 235 3930 viridi
243 3859 459 3954 fabricatos
481 3861 601 3957 liguo:
625 3884 695 3953 qua
710 3862 952 3956 explicatione,
975 3862 1116 3933 nisime
1136 3866 1251 3936 omnia

127 4016 337 4034 m

125 4107 319 4177 impedimenti,
348 4099 403 4179 quo
423 4108 514 4165 minor
535 4100 586 4164 lllo
608 4100 762 4251 tempore
753 4110 794 4168 ll.
815 4108 930 4165 leom
950 4104 1130 4201 Bibaculrm,
1159 4130 1252 4199 senem

637 4186 771 4321 ιω«ιιιο
876 4254 947 4319 s·
1106 4268 1142 4322 ⁰
1168 4270 1188 4323 s

123 4252 720 4391 B¹l⁰⁰⁰¹⁰⁰⁰s¹snm⁸⁰⁰l⁰⁰l⁰=ffls
734 4312 1008 4392 fflffim
