2768 4838
166 254 244 332 288
344 268 394 334 na'
417 281 451 350 p.
475 261 623 333 nona'rn
646 280 774 333 macor
799 280 1146 337 onraacraaoamus.

164 376 295 519 indole,
321 413 506 531 despicatui
521 429 672 501 habebat
687 441 788 523 atque
801 429 903 519 odro,
935 389 992 501 itai
1006 430 1078 500 sine
1094 430 1200 500 dubio
1222 453 1284 501 ae-

23 605 25 611 ,
164 536 311 629 gerrime
324 535 475 620 ferebat,
501 534 595 625 qnod
616 536 683 604 suis
708 534 923 618 carminibus,
948 534 1133 627 praecipue
1154 534 1285 622 satiris,

161 646 232 706 uon
259 645 389 706 tantum
408 637 489 706 nibil
519 636 707 706 istiusmodi·
732 634 869 705 honoris
897 636 1057 705 tributum
1079 646 1184 724 esset,
1219 636 1285 706 scd

162 739 251 809 adeo
264 742 497 811 obtrectatum.
549 739 769 833 Quapropter
789 739 912 808 neurini
934 739 1146 808 mirationem
1167 739 1285 810 facere

124 869 136 887 ·
161 851 290 936 potest,
316 842 410 935 quod
432 842 612 932 Horatius,
639 841 848 911 clandestinis
875 842 1039 912 Demetrii
1052 838 1284 911 'vellicationi·
1357 852 1359 859 ’

104 995 111 1007 ,
148 946 226 1015 bus
241 946 403 1031 irritatus,
429 968 506 1013 cnm
520 954 716 1037 contemptu
735 945 883 1036 quodam
903 944 1046 1013 Calvum
1060 953 1094 1013 et
1110 944 1285 1016 Catullum
1363 972 1365 977 ⁴

27 1072 32 1080 ·
160 1049 375 1117 memorarit:
409 1048 503 1139 quod
528 1048 668 1139 quidem
692 1047 737 1137 ab
756 1049 952 1118 eo'lactnm
974 1049 1186 1140 putabimus,
1201 1070 1284 1119 «non

161 1173 231 1241 quo
245 1152 308 1220 illis
321 1152 517 1220 haerentem
534 1152 634 1243 capiti
655 1152 760 1220 multa
773 1174 850 1220 cum
870 1151 971 1219 laude
989 1173 1150 1220 coronam
1171 1153 1283 1220 male·

161 1255 241 1323 volo
259 1253 440 1343 invidoque
456 1255 566 1322 animo
579 1244 790 1351 detraheret,
816 1253 878 1325 sed
893 1263 930 1321 ut
950 1253 1086 1346 gravius
1109 1264 1284 1346 pungeret

112 1432 115 1438 ,
161 1357 299 1426 stultum
312 1358 414 1426 istum·
425 1357 609 1427 Satirarum
621 1380 756 1425 suarum
768 1357 1067 1450 reprehensorem,
1095 1357 1152 1446 qui
1167 1358 1282 1426 molli-

42 1528 46 1537 ,
161 1460 254 1530 culos
267 1461 362 1552 lyrae
374 1483 490 1529 versus
506 1460 651 1528 virilibus
669 1460 784 1530 Satiris
798 1460 994 1551 praeferret.
1044 1459 1203 1528 Similiter
1219 1461 1282 1534 ci-

162 1585 259 1651 cero,
294 1563 517 1634 admirationis
540 1573 575 1631 et
598 1561 697 1630 studii
718 1565 751 1630 in
769 1562 916 1631 Ennium
935 1564 1074 1654 plenus,
1108 1562 1153 1648 Q.
1174 1562 1280 1636 Taso.

160 1664 254 1734 Libr.
266 1664 328 1735 111.
346 1687 376 1733 c.
395 1663 453 1733 19.
470 1665 650 1734 exclamat}
675 1663 744 1748 „0
749 1673 899 1757 poetam
916 1664 1133 1758 egregiam!
1151 1685 1281 1757 quam·

158 1789 272 1860 pacm
295 1765 343 1837 ab
362 1767 424 1842 ,bis
442 1765 644 1852 cantoribus
664 1765 906 1860 Euphorionis
930 1769 1181 1838 οονιῑενννὶὴιν*ι
1197 1767 1280 1860 14).

128 1886 132 1896 “
159 1869 272 1940 Etiam
288 1868 356 1939 hoc
368 1871 404 1939 iu
419 1871 497 1939 loco
516 1871 736 1962 contemptim
756 1870 920 1964 appellari
942 1876 1105 1940 cantores
1127 1867 1280 1963 Eupho·

158 1972 268 2042 rionis
278 1982 432 2067 apertum
445 1981 505 2044 est
554 1972 723 2042 Eamdem
738 1973 806 2041 rim
826 1997 881 2065 ap.
897 1973 1077 2042 Horatium
1098 1972 1203 2042 credo
1222 1974 1279 2042 in·

157 2086 235 2145 esse
255 2076 290 2144 in
309 2098 342 2144 v.
365 2082 534 2161 cantare,
569 2074 682 2164 quod,
716 2083 754 2142 ut
776 2075 993 2144 Heindorfius
1020 2076 1107 2145 benc
1135 2077 1279 2165 monuit,

23 2201 25 2207 ’
48 2233 51 2240 .
156 2175 353 2248 Wrelaudus
372 2178 418 2247 ad
429 2177 464 2247 l'n
476 2177 560 2248 ΒΝ.
579 2175 614 2248 4.
627 2199 663 2271 p.
680 2175 767 2250 302.
782 2200 965 2269 perperam
983 2179 1114 2270 accepit
1128 2176 1172 2246 do
1196 2202 1278 2247 ver-

157 2280 266 2371 sibus,
292 2258 378 2373 qubs
392 2281 584 2361 Demetrius
597 2281 643 2349 ad
660 2279 756 2350 Calvi
772 2288 806 2349 et
822 2279 945 2350 Catulli
969 2281 1161 2373 exemplum
1179 2273 1280 2350 fece-¹

155 2384 219 2454 rite
243 2407 323 2453 nam
341 2385 458 2454 vertit:
482 2384 708 2474 nnchleyma
759 2382 849 2468 Sed,
866 2383 998 2452 etiamsi
1023 2382 1144 2454 certius
1162 2383 1278 2453 'aliun-

126 2487 212 2575 .do,
246 2509 351 2577 quam
372 2509 415 2556 ex
435 2495 595 2579 corrupto
617 2484 760 2554 Acronis
783 2484 913 2556 scholio
935 2495 1120 2573 constaret,
1146 2486 1277 2556 Deme·
1338 2502 1340 2508 ’

154 2591 256 2659 trium
268 2598 407 2682 poetam
421 2589 543 2672 fuisse,
567 2588 781 2657 tamenhuic
797 2589 1060 2681 interpretationi
1080 2597 1197 2681 aperte
1217 2612 1276 2658 ra·

153 2700 326 2785 pugnaret
346 2692 421 2782 ipse
442 2691 621 2792 Horatius,
647 2690 736 2781 qui,·
748 2675 817 2781 qud
833 2693 966 2760 nomine
989 2692 1083 2761 illum
1102 2691 1276 2760 obtrecta-

61 2860 69 2875 ,
155 2804 265 2862 torem
276 2793 366 2862 mala
379 2802 515 2880 tractet,
541 2794 618 2863 satis
633 2792 759 2862 iudicat
773 2812 804 2862 v.
820 2792 880 2864 90.
910 2795 1068 2863 Proxime
1088 2794 1133 2862 ad
1147 2796 1275 2863 verita·
1327 2871 1329 2876 ,

154 2907 226 2966 tem
243 2897 408 2994 apcedeus
430 2897 480 2964 lo.
501 2897 547 2966 H.
569 2896 707 2966 Vossius
721 2897 901 2968 convertit:
941 2896 1145 2982 abtrillem,
1179 2895 1276 2987 quod

155 2999 299 3094 egregie
322 2998 479 3070 convenit
498 3000 592 3068 vocis
611 3010 646 3068 et
676 3008 790 3069 cautus
812 2999 1014 3070 modulatori
1041 3010 1075 3068 et
1095 2999 1275 3090 mimarum

154 3104 295 3173 doctori.
345 3102 515 3173 Acerbum
534 3101 714 3194 dilogiam,
739 3125 827 3192 quae
847 3125 879 3171 v.
897 3104 1049 3195 plorare
1073 3103 1272 3193 continetur,

45 3283 62 3303 ο
153 3208 242 3276 bene
255 3207 431 3299 perspexit
445 3204 629 3288 Baxterus3
655 3214 783 3273 namet
799 3205 951 3297 plorant,
976 3206 1101 3297 inquit,
1128 3206 1186 3295 qui
1204 3205 1273 3273 do·

63 3315 65 3321 '
153 3318 232 3380 cent
246 3309 376 3401 puellas
400 3308 627 3376 cantiunculas
651 3308 827 3376 amatorias
845 3309 948 3378 flebili
969 3331 1055 3378 voce
1080 3308 1272 3396 decantare,

152 3423 188 3483 et
201 3413 336 3505 plorare
350 3410 470 3503 jubent
485 3410 625 3496 Graeci,
651 3410 771 3500 quibus
791 3422 971 3502 precantur
995 3434 1101 3504 grave
1126 3410 1272 3479 infortu-

88 3563 91 3569 -
150 3517 261 3602 nium,
286 3512 379 3604 quod
393 3511 530 3584 κλαίειν
545 3512 602 3580 vel
620 3505 787 3605 οἰμώζειν
803 3513 935 3602 dicunt,
954 3523 989 3582 et
1003 3514 1075 3606 ejus
1091 3513 1186 3582 verbi
1201 3515 1271 3581 vim

150 3617 324 3733 illustrprit
336 3615 553 3702 Heindorfius
568 3611 612 3683 ad
626 3613 662 3684 lt.
679 3615 701 3684 l.
742 3616 795 3684 lta
806 3615 1042 3711 Aristophanis
1056 3617 1143 3685 Plut.
1159 3639 1191 3684 r.
1207 3613 1269 3688 58.

149 3715 220 3817 ἑνοῖ
242 3719 311 3814 μὲν
334 3711 500 3810 οἰμώζειν
519 3717 607 3811 λέγω
632 3743 691 3790 σοι
718 3726 752 3786 et
772 3716 890 3788 nol.
919 3718 1056 3793 ainictu
1080 3720 1191 3811 ἔγωγέ
1209 3744 1270 3792 σοι
1326 3813 1329 3820 ⁴

148 3824 248 3916 λέγω.
301 3822 380 3902 Non
396 3820 503 3888 minus
520 3819 704 3890 salse-dixit
724 3820 938 3907 cathedras,
964 3822 1085 3911 quibus
1109 3844 1181 3889 non
1206 3821 1270 3890 nisi

148 3926 293 3997 feminac
314 3946 355 3994 ac
368 3924 487 3995 molles
501 3921 656 3995 homiues
673 3924 872 4013 utebantur,
897 3934 935 3996 ut
957 3924 1072 3995 docuit
1086 3922 1268 4019 Boettige-

216 4200 265 4274 ιν)
276 4161 278 4165 ’
289 4205 368 4262 aaa
386 4205 522 4264 naaman
541 4208 632 4265 mum
649 4207 708 4279 sam
730 4207 845 4266 arara
862 4207 892 4265 a
909 4205 1057 4268 comm
1079 4207 1153 4264 ac.
1165 4206 1268 4263 amaa

148 4271 324 4346 wama
336 4280 363 4346 9.
378 4276 405 4332 8.
422 4277 511 4334 rma
697 4290 700 4295 “
799 4315 803 4324 .
