2768 4838
196 258 200 263 ’
332 258 1043 337 lamanrmammmnnns
1101 267 1105 285 '
1169 246 1247 331 451

64 486 67 491 .
127 430 228 500 etiam
246 440 384 501 nonest
402 431 559 519 dubium,
583 434 665 525 quin
684 432 871 503 Maecenas
890 431 1002 525 probe
1021 430 1180 518 emata,-
1209 430 1250 501 se
1352 462 1355 481 ¹

127 556 219 620 esse,
244 555 347 622 quern
368 535 451 603 ficto
475 536 535 603 illo
554 535 740 606 'Malclrini
756 537 900 604 nomine:
912 534 1099 603 Venusinus
1115 533 1184 602 iste
1204 534 1251 602 ll·-

127 636 260 705 bertino
280 646 378 726 pane
394 645 491 706 uatus
511 645 547 705 et
575 639 612 707 in
633 636 686 712 Μ,
702 638 803 707 Bruti
826 637 942 705 matris
964 656 1077 728 nuper
1096 636 1252 719 tribum

127 738 376 829 perstrinxerit3
417 738 479 807 sed
501 761 571 828 quo
600 742 709 810 minus
735 761 812 808 eam
838 737 995 830 injuriam
1022 737 1271 826 ulcisceretm‚¹

94 872 106 889 ·
129 860 208 907 cum
222 838 328 929 ipsi'us
349 841 477 907 animus
502 841 653 909 excelsus
673 849 711 909 et
728 849 849 909 natura
867 841 958 908 mitis
974 838 1153 927 obstabat,
1178 844 1253 909 tuni

128 941 293 1031 imprimis
318 940 478 1033 Virgilius
503 941 693 1032 Variusque
719 943 882 1034 precibus
904 950 940 1009 et
961 942 1254 1012 commendatione

129 1043 286 1113 videntur
304 1044 543 1118 intercessisse.
599 1046 714 1135 Atque
734 1046 833 1113 istam
856 1043 1156 1112 irrisionem-baud
1181 1046 1254 1114 scia'
1352 1100 1358 1112 .

130 1168 176 1223 an
196 1168 267 1239 non
292 1147 329 1225 in
352 1168 469 1215 caussa
491 1146 596 1216 luisse
619 1148 789 1235 dicamus,
829 1156 869 1214 ut
889 1145 1093 1233 Maecenas,
1126 1147 1255 1216 ficticia

130 1248 466 1321 Malchiai'nomine
485 1249 604 1319 leviter
625 1272 761 1319 morsus
787 1249 1025 1340 offensusque,
1049 1250 1184 1340 utrique
1196 1251 1255 1334 illi

65 1394 68 1403 ·
130 1361 274 1446 poetae,
299 1353 445 1421 amicum
464 1353 587 1421 iterum
599 1354 788 1443 iterumque
810 1351 1076 1440 commendanti,
1098 1374 1167 1421 non
1183 1356 1254 1421 ita-

131 1457 247 1525 tra-se
264 1456 448 1548 praeberet
463 1454 620 1543 facilem,
646 1465 683 1524 et
694 1454 902 1524 Venusinam
917 1456 1060 1523 Poetam
1075 1478 1165 1525 nono
1189 1455 1256 1529 den
1272 1446 1279 1465 ⁸

131 1576 242 1646 mum3
266 1568 448 1651 postquam
468 1558 722 1633 commendatus
743 1566 778 1626 et
796 1559 945 1650 primum
972 1558 1138 1627 adductus
1155 1568 1255 1648 essm

131 1684 249 1733 mense
269 1663 307 1733 iu
327 1661 557 1751 convictorum
576 1661 855 1754 familiariumque
870 1682 1008 1732 suorum
1025 1684 1168 1733 numero
1181 1682 1256 1733 aaa

134 1763 290 1837 uberet--
359 1802 362 1807 ·
558 1784 564 1791 ·
1228 1798 1231 1803 ·

126 1786 145 1860 J
235 1868 334 1938 Haec
351 1877 464 1938 autem
485 1868 689 1937 familiaritas
709 1870 873 1961 temporis
901 1890 1088 1961 progressu
1114 1866 1256 1951 interior

134 1971 226 2040 facta
244 1984 310 2040 est:
335 1972 415 2040 binc
434 1972 543 2064 major
562 1972 663 2041 ctiam
680 1994 840 2042 concessa
862 1974 927 2041 fuit
943 1973 1072 2040 Poetae
1083 1971 1257 2041 Venusino

133 2073 271 2143 libertas
293 2082 329 2141 ct
344 2074 506 2144 irridendi
531 2085 714 2167 patronum
736 2085 771 2143 et
788 2076 858 2144 sine
882 2074 1068 2143 offensione
1093 2074 1258 2167 carpendi

120 2173 215 2269 'ejus
230 2178 328 2266 vitia,
359 2177 541 2268 inquibus
572 2201 638 2270 per
652 2180 796 2248 'omnem
823 2179 881 2246 ille
903 2178 1008 2245 ritam
1033 2178 1096 2247 sibi
1116 2178 1255 2271 placuit

136 2280 235 2364 Quae
248 2281 351 2372 igitur
367 2280 413 2349 dc
422 2281 571 2351 Horatio
591 2281 734 2374 ejusque
754 2304 833 2349 cum
853 2280 1054 2350 Maecenate
1071 2282 1259 2350 necessitu-

136 2383 214 2452 dine
234 2407 302 2453 non
331 2385 438 2453 minus
462 2383 609 2477 pulchre
637 2406 742 2477 quam
768 2385 948 2475 unissime
967 2385 1100 2477 scripsit
1124 2368 1276 2459 Persius

135 2486 206 2559 Sat
222 2487 299 2559 [ν.
316 2486 401 2557 116.

174 2622 177 2631 ·
240 2589 355 2659 Omne
378 2589 485 2686 noser
508 2591 632 2661 uitium
655 2591 789 2661 ridenti
813 2588 970 2660 Flaccus
995 2589 1113 2659 amico
1214 2589 1254 2635 ''-

244 2691 397 2791 Tongit,
420 2703 455 2764 et
480 2695 658 2765 admissus
682 2695 817 2764 dream
836 2693 1078 2786 precordia,
1105 2692 1215 2763 ludit.-

137 2815 274 2862 cacum
294 2794 442 2870 Baxtero
464 2806 500 2864 et
521 2797 728 2865 Buttmauno
747 2797 885 2865 minime
910 2796 1028 2865 referri
1047 2806 1189 2888 possunt
1215 2796 1262 2867 ad

137 2896 222 2965 illud
243 2907 395 2990 tempus,
421 2921 491 2988 quo
512 2899 638 2987 Poeta,
664 2900 824 2991 publicae
839 2900 999 2968 libertatis
1014 2898 1060 2966 ad
1079 2900 1261 2992 Philippos

137 3001 308 3071 interitum
320 3002 390 3068 alta
402 3002 515 3071 adbuc
529 3012 643 3072 mente
657 3012 833 3095 repostum
853 3000 1000 3089 babens,
1017 3003 1141 3094 procul
1156 3002 1262 3071 dubio
1274 3066 1279 3073 .

137 3103 373 3175 Maecenatem
405 3127 513 3194 aeque
543 3128 584 3174 ac
616 3116 768 3175 caeteros
803 3105 1023 3175 Caesarianos
1052 3115 1263 3174 aversaretur

137 3231 285 3298 cumque
298 3231 367 3285 uon
382 3209 584 3277 verecundia
598 3210 746 3301 quadam
761 3218 796 3277 ct
811 3231 927 3276 amore
940 3208 1073 3295 ductus,
1090 3208 1153 3278 sed
1163 3218 1262 3277 metu

138 3321 175 3379 et
193 3311 375 3402 prudentia
387 3321 535 3380 retentus
551 3314 596 3382 ob
611 3314 810 3382 discinctum
823 3312 980 3381 habitum·
990 3313 1114 3381 ficticia
1127 3313 1262 3383 nornine

96 3480 100 3485 .
138 3415 400 3506 perstringeret,
425 3414 487 3485 sed
502 3413 547 3482 ad
567 3417 783 3508 grandiorem
802 3417 978 3505 utriusque
994 3424 1169 3503 aetatem‚‚·
1182 3438 1263 3505 qua,

138 3518 230 3586 facta
259 3519 446 3585 animomm
468 3519 738 3605 reconciliatione
759 3528 794 3587 et
819 3520 1017 3587 confirmata
1043 3519 1264 3609 voluntatum,

139 3620 326 3690 studiorum
345 3621 649 3712 sententiarumque
665 3622 900 3709 consensione,
926 3622 1063 3690 liberior
1077 3622 1177 3690 etiam
1195 3644 1265 3714 pp-
1315 3682 1318 3687 .

138 3724 228 3793 blicc
241 3724 465 3816 privatimque
478 3734 665 3794 accesserat
685 3726 850 3793 amicitiae
870 3746 961 3799 usus.
1012 3722 1055 3792 Id
1076 3746 1179 3815 quam
1201 3746 1264 3809 re-

138 3851 216 3895 rum
244 3829 303 3914 sit,
345 3826 549 3899 documento
570 3837 622 3899 est
648 3828 745 3899 Libri
766 3828 793 3897 i
816 3827 973 3922 Epistola
993 3828 1154 3922 septima,
1196 3816 1265 3921 qu'a¹

309 4059 398 4114 Victus
414 4066 488 4125 urat,
505 4059 639 4130 rictusque
654 4066 757 4115 matr
773 4065 857 4114 ndns
873 4059 984 4130 imperet
998 4060 1049 4129 aar,

272 4193 275 4199 .
346 4130 467 4182 Membro
482 4148 530 4183 nec
545 4131 575 4183 in
589 4139 678 4184 strata
693 4139 808 4185 aterum
825 4131 912 4185 discut
928 4131 1015 4185 bomo.

305 4198 437 4268 Tempora
452 4198 741 4268 dispensaturum
757 4207 876 4270 tempora
890 4201 992 4254 tubuas

348 4269 425 4324 Hace
442 4269 571 4337 boum,
586 4270 715 4339 pecudem
732 4270 798 4324 baec
812 4269 982 4326 moderantur
996 4284 1089 4326 aaa..
1210 4274 1213 4278 '
