2768 4838
431 312 493 362 na
529 312 738 389 auerso
777 312 965 365 roura.
1198 270 1258 369 ’41

134 467 219 536 tavit
243 456 402 535 Osannus
432 460 454 536 l
480 486 511 534 e.
535 484 572 557 p.
595 460 657 536 62.
684 463 773 536 Not
797 463 825 537 L
858 466 918 558 'qui
947 464 1062 537 locmn
1085 461 1188 537 Gellii
1210 468 1257 539 Ν.

132 572 179 640 Δ.
201 568 282 638 Lib.
308 567 368 663 111
395 589 426 654 e.
452 563 513 638 ll.
538 567 660 637 Attius
683 568 768 661 (leg.
783 569 923 663 atejus)
947 578 1068 639 artem
1086 571 1123 640 in
1136 572 1261 665 primo

132 670 374 744 Didascalico
396 668 548 739 vitiatum
581 679 616 738 et
642 672 765 764 primo
787 671 1047 742 Didascalicon
1076 674 1260 767 legendum

133 798 228 860 esse,
253 782 349 842 reete
374 780 499 841 censet.
549 773 638 841 Nam
656 772 931 845 Didascalicum
946 775 1077 846 librum
1087 779 1260 870 prinum,

132 876 329 948 secundum
355 884 390 942 et
414 875 462 943 sie
484 897 611 968 porro,
629 885 674 944 nt
698 877 873 948 Mercerus
893 878 938 947 ad
957 881 1103 949 Nonium
1115 904 1152 973 p.
1171 879 1259 949 133.

132 988 248 1074 putat,
273 1001 416 1068 usquam
441 979 597 1066 inveniri,
623 1003 692 1047 non
716 981 815 1050 facile
841 981 963 1064 credo;
988 983 1051 1051 sed
1072 982 1261 1052 Didasca-

133 1084 283 1153 licorum
308 1082 411 1150 libros
435 1090 473 1148 ut
499 1082 565 1149 dici
589 1105 691 1172 posse
715 1095 850 1174 putem,
883 1084 1024 1154 suadent
1047 1086 1277 1163 Rhetorica,

130 1207 217 1255 rum
241 1183 295 1253 od
325 1184 544 1252 llerermium
575 1184 657 1252 libri
690 1196 898 1275 constanter,
931 1186 1027 1278 qnod
1058 1191 1179 1277 sciam,
1211 1191 1260 1259 sie

131 1289 216 1358 dicti
240 1296 274 1356 et
299 1287 435 1380 allegati
461 1309 482 1353 a
512 1288 765 1375 Grammaticis,
797 1291 843 1358 ita
874 1298 912 1358 ut
945 1291 1047 1359 etiam
1078 1314 1135 1384 ap.
1168 1291 1258 1361 Non.

131 1414 169 1485 p.
194 1388 266 1478 tl,
298 1388 358 1458 24.
390 1389 524 1458 Accius
556 1390 642 1482 (leg.
667 1391 804 1484 Atejus)
838 1391 1139 1489 Parergomul.
1174 1395 1259 1462 reti-

131 1494 273 1565 nuerim.
330 1492 372 1560 In
396 1493 579 1560 carminum
604 1494 704 1561 titulis
731 1494 953 1563 Grammatici
976 1496 1131 1565 videntur
1154 1496 1258 1567 fnisse

129 1596 373 1690 religiosiores,
407 1618 518 1686 neque
542 1619 686 1685 usquam
717 1597 998 1692 Georgicorum,
1030 1600 1266 1692 Argonauti-⁸

130 1721 272 1787 corun,
297 1697 512 1784 Iliacorurn,
539 1699 664 1767 nedum
678 1699 1032 1795 Erotopaegniorum
1056 1703 1160 1772 libros
1179 1726 1257 1772 me-

129 1804 213 1874 mini
236 1825 293 1870 me
317 1802 443 1905 legere.
495 1800 677 1869 Poetarum
707 1824 806 1896 usum
836 1806 872 1873 in
900 1804 970 1873 hoe
994 1806 1166 1874 nominum
1190 1829 1257 1899 ge-

128 1928 212 1976 nere
238 1906 373 1974 omuino
404 1914 649 1999 praeoptamnt
680 1906 861 1998 scriptores
894 1908 1026 1977 serioris
1059 1911 1151 1978 aevi:
1187 1909 1256 1978 vid.

129 2007 336 2078 Tusohucke
361 2008 408 2076 ad
422 2009 460 2080 P.
477 2006 561 2075 Mel.
577 2008 653 2076 Vol.
667 2007 710 2079 ll.
723 2009 762 2077 P.
780 2007 815 2079 2.
827 2032 864 2105 p.
882 2008 931 2079 13
943 2036 993 2104 sq.
1017 2019 1052 2081 et
1067 2012 1257 2083 Schneider

130 2111 165 2182 in
181 2111 243 2183 Gr.
260 2111 337 2180 Lat
352 2111 429 2180 Vol.
445 2109 471 2178 1.
487 2111 527 2183 P.
545 2110 579 2178 2.
593 2133 630 2202 p.
647 2109 698 2178 82
712 2136 763 2203 sq.

234 2214 292 2282 Vl.
345 2213 475 2281 Gellius
500 2208 601 2280 Noct‘.
623 2214 726 2283 Attic.
753 2214 830 2284 Lib.
855 2214 900 2284 ll.
927 2236 957 2286 e.
983 2213 1045 2286 24.
1071 2215 1117 2287 de
1141 2225 1258 2288 vetere

127 2317 332 2413 parsimonia
357 2325 393 2384 et
416 2316 547 2408 legibus
562 2318 773 2408 sumptuariis
789 2340 978 2409 exponens,
1002 2319 1137 2412 „Hujus
1158 2322 1257 2414 legis,

47 2454 50 2459 v
127 2423 253 2513 inquit,
284 2419 429 2489 Laevius
452 2429 565 2511 poeta
580 2421 732 2488 meminit
763 2420 798 2487 iu
822 2421 1102 2516 Erotopaegniis:
1140 2423 1258 2493 Verba

126 2522 247 2594 Laevii
259 2522 347 2591 haec
373 2521 466 2610 sant,
491 2522 613 2613 quibus
639 2524 804 2617 signifieat
821 2523 992 2613 hoedum,
1008 2527 1076 2616 'qui
1101 2527 1148 2595 ad
1163 2550 1257 2620 epu·

126 2629 180 2697 lae
207 2627 271 2694 fuit
294 2619 429 2712 illatus,
456 2625 644 2714 dimissum,
670 2649 899 2717 coenamque,
923 2629 971 2698 ita
994 2638 1033 2700 ut
1057 2629 1113 2700 lex
1125 2631 1258 2701 Licinia

127 2730 307 2815 sanxisset,
332 2729 443 2821 pomis
467 2728 683 2821 oleribusque
706 2731 925 2808 instructam:

281 2832 361 2904 Lex
384 2832 525 2900 Licinio
548 2832 804 2901 introducitur:

281 2935 365 3004 Lao
389 2934 527 3027 liquido
551 2935 667 3004 hoedo
690 2935 899 3004 redditur.“
1315 3004 1344 3025 ,Ι

125 3038 224 3111 Sicut
245 3036 315 3107 boc
342 3038 442 3115 edam
466 3037 545 3105 loco
571 3036 682 3110 Codd.
707 3036 794 3109 Mss.
824 3039 911 3107 inter
933 3035 1074 3107 Livium
1097 3044 1133 3107 et
1155 3036 1255 3107 Lao*

123 3144 224 3213 oium
250 3131 397 3229 variant,
422 3141 469 3208 ita
493 3140 564 3208 Viri
588 3141 689 3209 Docti
713 3142 893 3228 fluctuant,
917 3141 984 3209 utri
1004 3141 1140 3210 illorum
1163 3162 1253 3232 poe-

123 3230 330 3315 tarum'hoo
354 3242 582 3338 fragmentum
607 3243 808 3323 adscribant
865 3245 1049 3314 Salmasius
1074 3244 1120 3312 ad
1145 3240 1253 3312 Solia

124 3349 205 3423 lo.
230 3348 266 3417 in
290 3346 378 3417 cod.
403 3371 438 3417 n.
463 3347 612 3415 Laelius
635 3371 673 3417 se
693 3348 860 3438 reperisse
884 3347 940 3417 ait.
992 3347 1185 3416 Gronovius
1205 3346 1255 3415 ob

122 3451 379 3542 Erotopaegniis
402 3450 532 3519 Laevia
557 3449 672 3518 locum
695 3449 753 3518 hic
767 3449 918 3518 dandum
933 3472 1007 3521 esse
1026 3449 1125 3535 dixit,
1151 3458 1255 3540 atque

123 3554 285 3649 prolecto
309 3553 407 3622 Livio
420 3552 617 3622 Andronico
640 3554 715 3645 ipsa
738 3555 824 3646 legis
843 3553 993 3623 Liciniae
1006 3554 1133 3620 mentio
1151 3554 1255 3645 plano

124 3656 331 3727 adversatm.
391 3658 481 3725 Nam
507 3657 637 3725 Gellius
663 3655 709 3724 de
733 3667 888 3725 veterum
911 3657 1146 3725 Romanorum
1168 3679 1254 3749 par-

125 3761 266 3830 simonia
290 3780 396 3852 agens
422 3782 501 3828 cum
525 3758 626 3828 laude
646 3766 828 3850 percenset
850 3759 973 3852 Leges
988 3756 1254 3852 Suoptuorios,
1364 3813 1367 3822 .

124 3862 172 3934 da
201 3865 341 3955 quibus,
366 3872 504 3956 praeter
526 3861 694 3932 Bachium
712 3863 748 3931 in
768 3863 896 3933 Histor.
910 3862 986 3935 dur.
1001 3863 1102 3931 Rom.
1117 3861 1194 3933 Lib.
1208 3862 1253 3932 ll.

117 3990 155 4037 e.
174 3965 208 4036 2.
234 3961 270 4062 §.
291 3963 353 4039 42.
376 3990 412 4059 p.
437 3962 542 4053 159,
568 3964 766 4034 conferendi
787 3975 863 4033 sunt
887 3963 1071 4035 Meierotto
1103 3963 1188 4035 Uet.
1215 3964 1254 4035 d.

124 4069 242 4141 Sittea
253 4092 287 4138 u.
303 4066 503 4138 cheasort
522 4067 558 4137 d.
573 4068 698 4137 Roem.
720 4069 764 4136 T.
788 4067 832 4136 11.
846 4089 882 4159 p.
900 4063 977 4136 115
993 4091 1055 4160 sq,
1077 4064 1135 4136 Fr.
1155 4069 1254 4137 Plat-

121 4172 398 4243 nerusExercitt
419 4173 463 4241 Π.
486 4172 532 4241 de
548 4171 701 4265 Legibus
714 4171 848 4264 Sumpt
861 4171 965 4241 Rom.
978 4172 1072 4263 Lips.
1086 4166 1199 4241 1752.
1214 4170 1251 4242 4.
1322 4258 1326 4265 Ι

122 4285 161 4348 et
192 4277 333 4348 Abram.
364 4274 543 4346 Bormann
574 4275 713 4347 Dissert
744 4272 794 4345 de
823 4273 938 4370 negg.
972 4275 1074 4344 Rom.
1102 4273 1251 4367 Sumptt.
