2768 4838
428 319 489 369 ne
527 320 724 371 nasvro
764 319 947 373 sorra.
1205 296 1270 377 5Ῑὶ

57 473 63 487 “
133 468 224 537 enim
236 470 343 538 verba
356 468 485 540 Gellius
501 492 545 540 cx
563 472 680 541 Laevii
690 471 864 543 Alcestide
876 473 1025 564 profert,
1050 471 1149 543 sicuti
1161 484 1270 547 aete·-

132 584 222 659 tem,
248 594 315 662 qua
335 597 414 642 eum
434 574 554 643 vixisse
571 584 674 665 puto,
706 576 783 644 satis
803 575 990 664 declarant,
1023 578 1070 645 ita
1089 579 1270 653 cotlrumor

132 677 270 744 minime
286 685 363 744 sunt
377 677 497 769 digna,
522 677 585 744 aed
597 679 761 769 poematis
775 688 811 746 et
821 677 921 772 nugis
935 681 1121 768 amatoriis,
1143 682 1257 774 cujus-

133 779 228 848 modi
239 780 357 848 Laevii
370 780 628 871 Erotopaegnia
646 781 749 850 fuisse
771 782 940 870 arbitror,
956 784 1111 874 apprime
1131 808 1258 854 conve-

134 884 236 950 niunt
286 882 425 973 ltaque,
448 894 486 950 ut
499 881 609 950 dicam
628 883 722 975 quod
735 884 858 970 sentio,
883 885 1000 954 Laevii
1018 887 1161 955 Alcestis
1175 887 1268 957 milri

116 984 267 1087 xvidetur
286 1008 399 1075 neque
413 984 611 1078 Tragoedia
628 1009 741 1076 neque
756 986 945 1056 Comoedia
963 989 1082 1075 fuisse,
1117 989 1195 1077 sed,
1221 998 1260 1058 ut

127 1088 206 1182 jam
217 1082 255 1181 §.
270 1086 305 1159 6.
318 1087 504 1180 suspicatus
518 1111 610 1176 sum,
623 1089 918 1182 Erotopaegnion,
936 1091 1153 1161 laudatissimi
1172 1091 1260 1163 illiue

133 1191 295 1260 Laeviani
315 1191 446 1283 operis,
478 1214 558 1283 pars
588 1214 629 1259 ac
648 1194 748 1293 totius
771 1193 873 1260 veluti
894 1195 1046 1285 corporis
1068 1195 1268 1285 membrum,

134 1292 327 1385 quoddam,
358 1294 405 1362 ita
424 1302 462 1361 ut
482 1295 537 1362 vel
557 1294 725 1386 singulare
745 1295 849 1384 idque
870 1294 1009 1363 caeteris
1030 1295 1138 1387 majus
1157 1296 1260 1365 fuerit
1282 1288 1285 1293 ’

135 1406 239 1487 atque
251 1397 394 1488 amplius
408 1418 552 1487 poema,
577 1397 631 1463 vel
644 1405 735 1466 totus
746 1396 1024 1489 Erotopaegnion
1036 1397 1139 1484 liber,
1171 1400 1267 1469 illius.

134 1498 296 1568 heminae
308 1498 485 1590 inscriptus
500 1499 651 1586 nomine,
679 1499 837 1591 qnorriam
849 1501 950 1591 plura
970 1500 1259 1591 complectebatur

91 1614 94 1618 '
133 1611 294 1773 perna?
312 1601 468 1669 breviora
486 1610 522 1671 et
543 1600 682 1672 diversis
696 1603 815 1690 etiam,
840 1612 879 1671 ut
898 1603 1076 1696 probabile
1093 1613 1160 1689 est,
1191 1627 1258 1673 nu·

133 1705 235 1775 mnis
272 1705 396 1797 cripta,
420 1704 456 1773 in
475 1705 788 1795 quibusaAlcestidis
808 1728 940 1775 amores
961 1716 996 1774 et
1015 1705 1086 1774 fata
1105 1705 1257 1777 versibus

133 1816 352 1902 persecutum
369 1816 454 1899 puto
466 1809 639 1876 Laeuium.
689 1809 790 1894 Quae
811 1809 950 1899 quidem
966 1831 1045 1877 mea
1064 1811 1256 1898 qualiscun-

134 1934 205 2002 que
219 1910 364 2002 suspicio
383 1909 478 1979 haud
491 1912 561 1980 scio
574 1932 618 1979 an
630 1911 757 1981 nullam
776 1912 855 1981 inde
876 1913 978 1981 etiarn
996 1910 1122 1982 habeat
1138 1914 1256 1982 verisi-

133 2013 325 2083 militudinis
339 2013 583 2101 accessionem,
597 2013 693 2104 quod
706 2012 835 2083 Gellius
849 2023 899 2102 et,
913 2014 941 2084 si
954 2013 1042 2083 fides
1055 2023 1106 2084 est
1115 2014 1262 2085 Osanna

135 2118 234 2187 Anal.
250 2115 332 2186 Crit.
344 2140 381 2208 p.
394 2115 456 2204 8.‚·
475 2118 604 2187 Nonius
617 2117 734 2185 Laevii
746 2118 898 2186 Alcestin
913 2119 1086 2210 appellant
1100 2134 1258 2204 carmen,

136 2240 207 2310 quo
220 2220 355 2289 nomine
367 2242 549 2311 nusquam,
576 2230 738 2310 quantum
750 2222 977 2307 meminerim,
1003 2220 1155 2289 dramma
1167 2236 1271 2314 poe-'

133 2334 245 2393 tarum
259 2347 280 2391 a
294 2325 510 2414 scriptoribus
526 2332 561 2391 et
569 2322 804 2392 Grammaticis
817 2324 1044 2417 significantur
1057 2337 1091 2391 et
1104 2325 1258 2416 allegan-

132 2437 201 2501 tur.
252 2427 300 2497 At
318 2427 419 2514 nihii,
451 2428 479 2495 si
500 2425 582 2517 quid
596 2426 735 2519 judico,
760 2429 895 2515 obstat,¹
914 2428 1090 2518 quominus
1110 2428 1259 2518 aliquem

134 2552 180 2599 er
205 2529 462 2622 Erotopaegniis
483 2531 642 2616 Librum,
686 2531 866 2599 Alcestidis
893 2531 1027 2599 nomine
1052 2531 1259 2624 inscriptum,

131 2641 278 2726 propter
290 2632 478 2725 argumenti
498 2632 635 2703 diversis
648 2633 728 2703 licet
741 2635 882 2726 expositi
900 2634 1063 2726 poematis
1082 2634 1258 2726 perpetui-

134 2746 240 2805 tatem
254 2758 295 2804 ac
308 2736 554 2806 similitudinem
564 2736 706 2806 aGellio
719 2746 753 2806 et
759 2738 870 2807 Nonio
884 2758 1031 2806 carmen
1045 2736 1172 2805 dictum
1185 2761 1259 2807 esse

133 2847 330 2909 statuamus.
379 2839 494 2930 Atque
506 2840 597 2909 hanc
617 2840 647 2908 si
665 2841 835 2930 sequimur
853 2840 1069 2928 sententiam,
1095 2864 1136 2908 ea
1158 2842 1259 2909 etiarn

134 2943 164 3012 si
176 2963 246 3010 non
256 2943 359 3036 plane
371 2944 513 3031 tollitur,
544 2950 636 3012 certe
657 2944 807 3012 elevatam
826 2966 869 3011 ac
888 2940 1045 3013 minuitur
1067 2943 1259 3024 difficultas,
1277 2933 1281 2949 ⁸

133 3068 241 3136 quam
261 3045 306 3115 de
324 3045 394 3115 hoc
413 3047 490 3139 ipso
509 3046 679 3115 Lacrima
694 3047 840 3115 carmine
859 3045 1018 3138 ejusque,
1041 3069 1145 3136 -quae
1165 3046 1263 3139 apud

136 3149 288 3218 Gellium
313 3150 490 3241 leguntur,
528 3149 675 3238 reliquiis
696 3149 777 3242 jme
796 3144 911 3219 movet
929 3149 1161 3232 normannus,
1200 3149 1260 3240 qui

134 3250 290 3340 „Multu,
309 3253 431 3342 inquit,
443 3253 500 3321 hic
513 3253 608 3321 addit
621 3253 750 3323 Gellius
763 3254 844 3341 aba,
865 3275 954 3344 qnae
967 3253 1147 3321 insolenter
1158 3251 1258 3327 diuo*

134 3355 182 3423 rlt
199 3354 362 3443 Laevius,
382 3378 543 3447 quorum
569 3357 632 3424 etsi
661 3357 825 3448 pleraque
845 3378 889 3425 ex
921 3356 980 3423 illo
1006 3364 1166 3447 poemate
1192 3352 1259 3425 de-

135 3458 299 3551 prompti
312 3465 407 3544 sunt,
431 3467 632 3527 tamensunt
645 3460 762 3547 etiam,
789 3482 875 3551 quae
896 3482 939 3527 ex
952 3458 1022 3526 aliis
1035 3468 1160 3548 poetae
1169 3457 1259 3527 illius

137 3562 338 3645 carmiribus
359 3563 466 3652 petita
486 3560 677 3650 videantur,
689 3548 740 3641 'ut
761 3561 930 3632 Memnon
949 3562 1157 3644 nocticolor,
1183 3558 1261 3631 Ne·

136 3670 213 3733 ator
224 3664 489 3734 biscecbsenec
502 3674 535 3734 ct
553 3665 869 3758 dulcioreloqnas.“
918 3664 1079 3733 Proiecto
1094 3662 1261 3739 Memnon

137 3776 174 3835 et
184 3768 309 3836 Nestor
320 3791 388 3837 non
403 3769 596 3860 intelligitur
616 3769 788 3859 quomodo
807 3771 921 3839 locum
939 3766 1069 3837 habere
1088 3759 1276 3859 potuerint·

137 3871 172 3939 in
185 3868 370 3939 dramatico
392 3872 438 3940 de
450 3871 622 3942 Alcestide
647 3871 781 3959 fabula,
806 3872 870 3941 nisi
889 3872 978 3940 forte
999 3866 1184 3941 Pheretem
1204 3894 1258 3939 se-

136 3996 234 4063 nem,
261 3996 340 4043 cum
353 3975 502 4044 Admeto
515 3976 586 4043 lilio
607 3975 840 4063 altercantem,
858 3997 945 4044 cum
966 3977 1111 4044 Nestore
1128 3948 1261 4043 dulcio-

138 4078 299 4168 r'eloquo,
324 4087 360 4148 ot
374 4072 564 4164 θάνατον,
589 4079 686 4171 nigra
700 4079 854 4149 indutam
866 4086 979 4165 veste,
1005 4101 1083 4149 cum
1099 4077 1260 4146 Menmo-

137 4204 182 4249 ne
201 4182 423 4267 nocticolore‚
457 4183 516 4271 qui
541 4182 642 4251 etiam
664 4206 686 4249 a
711 4182 855 4273 Virgilio
873 4174 959 4255 Aen.
982 4181 1010 4250 l.
1035 4178 1122 4249 489.
1153 4182 1262 4271 niger

138 4286 348 4377 appellatur,
373 4286 600 4376 comparavit:
627 4309 716 4379 quae
729 4309 826 4374 sane,
852 4285 1174 4376 quamvisiniiceta,
1192 4303 1262 4350 non
