2768 4838
135 248 214 329 104
375 270 435 327 aa
456 271 490 323 o.
515 269 685 323 nanrro
708 269 847 325 ornas.
865 267 1031 335 rorans
1067 351 1072 357 ι

135 428 294 515 doctiset
304 416 458 500 obscuris
472 425 672 499 Callimachi
683 423 831 508 Atrion
845 425 1006 521 obtigisse
1020 446 1062 495 ex
1075 421 1255 495 Clemente

135 534 233 604 Alcn
246 531 371 601 Strom.
393 530 435 600 V.
456 553 493 624 p.
509 528 597 606 2¹ll.
616 538 767 619 constat,
791 528 953 619 qnodque
972 528 1135 597 Martialis
1158 528 1256 597 Sexti
1344 606 1347 613 ,

95 670 97 680 ¹
135 635 229 707 tibris
251 654 340 725 opus
359 655 433 703 ossa
451 633 573 718 innuit,
596 643 635 702 at
650 631 870 701 Grarnmatici
886 633 921 701 iu
938 631 976 699 iis
996 631 1255 722 interpretandis

136 760 231 810 suam
248 737 452 805 collocarent
466 759 608 829 operam
628 758 738 826 eaque
752 735 895 826 gloriam
910 734 971 802 sibi
988 743 1147 826 pararent
1159 733 1256 804 haud

137 841 312 935 exiguam,
340 837 378 907 id
391 839 491 907 etiam
506 838 550 907 de
572 838 699 908 Cinnae
712 836 861 929 Zmyrna
874 837 1032 905 traditum
1046 836 1201 928 legimns.

238 942 328 1012 Nam
341 939 429 1010 hanc
441 941 630 1033 interpretis
648 962 789 1033 operam
802 941 971 1031 Zmyrnae
985 940 1154 1031 impertiit,
1168 949 1256 1034 testo

137 1043 300 1117 Suetonio
317 1040 361 1113 de
373 1043 489 1113 illustr.
505 1044 567 1113 Gr.
587 1066 618 1116 c.
633 1035 762 1130 18511.
780 1043 968 1130 Crassitim,
995 1043 1256 1130 Grammaticus,

136 1170 264 1243 genere
276 1147 477 1215 Tarentinus
493 1154 527 1216 et
546 1145 671 1216 ordinis
686 1146 846 1231 libertini,
873 1144 1258 1238 cognomineBasiclest

137 1273 240 1342 quem
253 1271 331 1317 cum
348 1249 528 1320 Suetonius
541 1249 654 1335 tradat
671 1248 830 1319 Pansam
845 1271 982 1340 quoque
999 1272 1037 1317 se
1056 1249 1259 1317 transnomi-

15 1352 17 1357 ’
136 1360 253 1439 nasse,
285 1360 378 1420 recte
401 1349 664 1445 Oudendorpius
695 1375 751 1444 ap.
777 1351 994 1421 Consentium
1017 1375 1054 1443 p.
1083 1349 1195 1419 2066.
1215 1351 1257 1421 P.

136 1455 282 1526 Pansam
301 1453 345 1522 de
367 1453 611 1524 hoc'Crassitio
638 1455 803 1546 intelligit
855 1455 936 1539 Quo
950 1465 1106 1545 tempore
1126 1454 1257 1539 vixerit,

138 1567 231 1627 certo
243 1556 323 1626 inde
340 1556 470 1624 definiri
481 1566 613 1650 potest,
639 1557 733 1648 quod
746 1551 938 1626 aSuetonio
953 1567 1158 1650 praeceptor
1173 1557 1199 1626 J
1200 1556 1259 1625 ulii

85 1721 122 1761 ,ς
135 1660 274 1735 Antonii
301 1658 436 1745 dicitnr,
462 1661 520 1748 qui
540 1660 593 1728 Μ.
607 1660 743 1730 Antonii
762 1660 943 1728 Triumviri
966 1683 1008 1729 ex
1027 1659 1146 1728 Fulvia
1169 1660 1260 1729 tilius

137 1773 220 1834 erat.
271 1762 362 1832 Hinc
380 1767 494 1854 patet,
524 1751 721 1834 Crassitium
740 1763 843 1855 ipsius
858 1762 986 1831 Cinnae
1005 1763 1107 1831 fuisse
1128 1786 1256 1853 aequa-

136 1865 224 1952 lem,
248 1865 330 1937 licat
337 1863 520 1956 juniorem,
537 1874 572 1934 et
583 1888 649 1935 non
662 1866 768 1934 multo
783 1876 861 1959 post
875 1866 960 1935 illius
976 1876 1122 1934 mortem
1133 1866 1260 1956 Zmyr·

137 1991 235 2053 nam,
274 1968 458 2039 obscurum
492 1991 636 2059 poema,
683 1969 944 2037 commentando
971 1970 1152 2043 illustrasse
1181 1969 1259 2061 22).

138 2070 220 2155 Quo
240 2069 379 2161 quidem
394 2069 644 2140 Commentario
666 2070 713 2139 ita
734 2071 901 2160 inclaruit,
926 2075 982 2160 ut,'
1007 2081 1145 2141 auctore
1168 2073 1260 2159 Suc-7

138 2174 250 2256 tonia,
275 2172 309 2239 in
325 2195 403 2240 eum
414 2170 501 2242 haec
515 2175 757 2244 scriberentnrt
1161 2156 1172 2171 l

244 2273 315 2347 Uni
342 2273 515 2345 (Irascitio
539 2299 579 2346 se
603 2277 753 2349 credere
778 2275 936 2368 Smyrna
958 2275 1147 2369 probavitr

291 2376 471 2462 Desinite,
497 2378 648 2464 indocti,
674 2376 839 2473 conjugio
865 2381 960 2449 hano
985 2387 1128 2474 petera'
1268 2374 1271 2379 ’

242 2477 321 2550 Soli
345 2481 517 2550 Crassitio
540 2504 580 2552 ee
605 2483 697 2551 dixit
721 2482 854 2553 nubere
878 2484 987 2553 velle:
1030 2516 1033 2521 ·

178 2594 184 2605 '
294 2581 429 2653 Intimn
455 2584 512 2654 oui
536 2583 603 2653 soli
631 2592 717 2654 nota
740 2583 809 2654 aaa
835 2586 1039 2655 exstiterint·

137 2680 241 2761 Hunc
254 2684 380 2777 ingenii
392 2687 503 2755 lusum
519 2688 565 2756 de
583 2686 733 2779 Zmyrna
749 2688 879 2781 virgine
900 2698 934 2758 et
953 2689 1099 2756 carmine
1119 2684 1263 2778 ejusque

140 2786 319 2879 conjugio,
347 2812 415 2878 quo
437 2799 516 2883 post
528 2790 710 2873 infaustum
728 2814 807 2861 curn
821 2801 919 2885 patre
933 2792 1135 2860 connubium
1156 2790 1266 2860 docto.

81 2972 96 2993 ἡ
141 2889 371 2960 Grammatico
386 2890 509 2984 juncta
529 2902 597 2979 est,
622 2892 717 2965 hand
742 2894 845 2963 dubie
864 2895 1025 2987 scriptum
1045 2917 1065 2961 a
1088 2894 1262 2986 quopiam,

140 2992 238 3063 simul
251 3003 353 3084 atque
365 2994 422 3063 ille
437 2994 584 3065 Crassitii
600 2995 868 3067 Commentarius
890 2998 925 3066 iu
941 2999 1053 3066 lucem
1075 2997 1182 3064 editus
1205 3002 1266 3065 es-'.
1282 3076 1288 3085 ἢ

140 3105 209 3184 set,
241 3120 355 3187 neque
386 3098 614 3192 inelegantem
637 3123 750 3191 nequa
776 3103 953 3192 Augusteo
974 3100 1149 3192 indignum
1175 3121 1261 3167 aevo
1359 3146 1370 3158 ·

141 3184 302 3268 censebis.
354 3198 493 3270 Frustra
516 3212 630 3271 autem
647 3203 802 3294 Guyetns
822 3203 889 3273 hoc
904 3203 1114 3294 epigramma
1127 3203 1261 3271 Catullo

139 3302 308 3371 vindicare
328 3304 450 3390 voluit,
469 3305 545 3398 jam
571 3330 592 3375 a
612 3305 809 3376 Burmanno
832 3305 909 3377 Sec.
927 3304 1110 3393 refutatus,
1146 3303 1262 3396 quiid

138 3415 219 3496 post
232 3405 412 3475 Pithoeum
431 3417 465 3475 et
480 3408 692 3500 Scaligerum
704 3410 739 3478 in
751 3408 891 3482 Anthol.
904 3409 979 3477 Lat.
1000 3409 1042 3481 L.
1059 3409 1101 3476 ll.
1122 3432 1157 3501 p.
1172 3407 1259 3477 44⁰.
1276 3443 1279 3450 ·

62 3512 68 3528 ’
140 3506 227 3576 Τ.Ι.
247 3509 352 3577 edidit
371 3519 472 3600 atque
492 3511 674 3584 illustravit.
728 3509 909 3582 Caeterum
932 3522 966 3581 et
985 3510 1054 3580 hoc
1076 3513 1262 3579 luculenter

81 3656 93 3709 ἱ·
141 3617 299 3699 testatur,
333 3635 439 3711 qrmm⁴
458 3613 639 3683 obscurum
660 3624 694 3683 et
715 3614 855 3685 difficile
878 3615 1048 3686 intellectu
1069 3617 1171 3683 fuerit
1192 3614 1261 3682 hoc

140 3732 282 3804 poema:
310 3716 403 3803 quod
425 3717 632 3786 obscuritatis
654 3718 770 3786 vinnm
790 3740 858 3786 non
881 3742 1001 3787 vereor
1020 3743 1063 3788 ne
1083 3720 1217 3810 longius
1239 3741 1262 3785 a

21 3817 23 3823 ’
144 3815 469 3908 vennoelaberrem,
495 3818 522 3892 si
534 3843 603 3892 non
616 3829 687 3892 tam
702 3843 744 3892 ex
760 3821 929 3894 breuitatis
942 3822 1262 3893 studioverborum-

139 4006 349 4023 m

207 4112 262 4188 22)
298 4115 378 4168 Hand
407 4133 471 4172 raro
492 4117 563 4175 anim
593 4120 767 4177 Grammatiai
795 4093 946 4191 aequalium
973 4126 1110 4192 pomarum
1142 4121 1264 4176 carmina

143 4185 334 4238 commentario
350 4184 525 4242 ittmtramnts
547 4189 583 4244 ct.
609 4191 755 4248 mainerius
778 4193 812 4246 dc
828 4192 1003 4262 Euphorlcnia
1020 4191 1141 4247 Chalcid.
1159 4192 1220 4247 uita
1236 4195 1263 4246 et

144 4250 267 4323 Scriptis
283 4255 400 4322 (Codani
416 4255 513 4327 aaut.)
528 4259 616 4329 [adt.
632 4261 695 4319 Not.
714 4261 742 4318 t.
846 4302 850 4313 ,

1290 3008 1357 3151 a·
