2768 4838
349 300 405 351 oa
429 301 462 353 o.
487 298 661 351 arcario
685 296 828 351 oauro
849 294 1008 351 roasa.
1172 274 1251 351 lto

93 476 111 485 -
128 451 257 535 amico,
283 450 338 519 cni
353 449 669 542 Hendecasyllabos
683 450 772 520 misit
786 464 888 539 που,
912 448 958 521 de
972 449 1128 521 Poatioea
1145 458 1250 543 petu-

127 552 278 626 lantioris
298 576 340 621 ac
360 554 541 624 lascivioris
563 554 674 623 studio
693 562 831 623 excusat
846 563 914 642 et,·
936 546 1044 646 qnam
1062 575 1126 646 per
1147 555 1251 625 alium

130 658 296 739 amicum,
320 656 530 743 Aristonem,
555 657 791 749 comperisset,
821 657 949 745 fnisse,
967 658 1027 748 qui
1045 655 1251 748 impndlcanr

129 760 370 831 versiculorum
385 761 571 848 licentiam,
596 768 635 828 ut
650 759 824 852 indignam
838 760 912 829 viro
930 760 1027 852 gravi
1045 768 1150 849 atque
1170 781 1251 829 ora-

128 872 223 948 tore,
247 861 562 954 reprehendissent,
586 862 739 955 pluribus
753 862 821 931 hac
842 862 889 932 de
908 883 946 930 re
966 863 1105 955 exponit
1115 861 1198 932 liba
1207 862 1251 933 V.

129 989 185 1059 ep.
203 963 239 1035 3.
255 973 291 1033 et
305 988 344 1034 se
358 965 403 1034 ab
426 966 560 1033 illorum
572 965 742 1057 vituperiis
761 963 1034 1057 gravissimmum
1054 972 1089 1034 et
1108 964 1271 1035 sanem

128 1071 291 1139 simorum
308 1069 508 1158 antiquitatis
524 1068 669 1137 virorum
689 1069 851 1159 exemplis
870 1067 1038 1153 defendit,
1062 1065 1251 1158 inquibus,

128 1180 266 1264 praeter
284 1169 336 1245 Μ
355 1171 523 1256 Tullium,
548 1171 702 1240 Asinium
723 1170 928 1258 Pollionem,
954 1171 999 1255 Q.
1020 1166 1251 1260 Hortensium,

127 1274 181 1343 M.
196 1274 359 1359 Brutum,
383 1274 430 1365 Q.
448 1272 625 1360 Catnlum,
640 1273 736 1343 Serv.
750 1272 939 1366 Sulpicium
953 1273 1123 1363 aliosque,
1148 1275 1251 1344 etiam

128 1375 275 1446 Calvum
291 1385 443 1444 nostrum
462 1376 569 1468 ponit.
621 1376 694 1446 Sed
709 1378 806 1446 multi
818 1399 861 1447 ex
882 1376 939 1464 iis,
964 1376 1116 1466 quorum
1127 1385 1249 1447 ancto-

77 1538 87 1556 ,
127 1479 227 1548 ritate
233 1479 359 1574 Plinius
372 1500 411 1548 se
423 1478 694 1548 volnitadversns
706 1481 847 1549 aliorum
858 1478 1136 1573 reprehensiones
1150 1479 1249 1568 tueri,

128 1604 198 1651 non
224 1591 295 1650 tam
322 1582 511 1675 petulantes
540 1590 575 1651 et
595 1582 754 1671 lascivos,
787 1605 891 1675 qnam
911 1582 1116 1651 remissiores
1139 1582 1248 1652 modo

129 1687 330 1777 scripserant
343 1707 477 1773 versus,
504 1693 539 1753 et
557 1684 650 1754 haud
661 1685 766 1777 pauci
781 1708 899 1773 eorum
911 1685 966 1755 vel
981 1685 1102 1777 puerili
1116 1692 1248 1757 antam

128 1789 185 1856 rel
191 1787 333 1879 juvenili
346 1797 456 1856 aetate
469 1788 589 1857 Artem
599 1788 790 1874 Poeticam‚
813 1812 874 1859 sua
887 1797 1006 1857 natura
1019 1789 1158 1858 affinem
1171 1788 1247 1856 elo-

130 1892 304 1981 quentiae,
328 1899 567 1975 tractaverant,
592 1900 630 1958 ut
643 1890 713 1958 hoc
733 1892 976 1960 exercitationis
997 1914 1126 1984 genero
1145 1890 1247 1984 spiri-

128 2003 202 2063 tum
214 1995 250 2062 in
262 1993 362 2062 rebus
384 2003 418 2063 et
431 1994 466 2061 in
484 1992 595 2062 verbis
612 1992 848 2063 sublimitatem
867 2003 902 2064 et
924 1994 961 2064 in
978 1992 1155 2063 affectibus
1167 1996 1246 2063 ino·

129 2105 203 2164 tum
224 2096 312 2165 etin
338 2096 490 2190 personis
518 2096 679 2166 decorem
699 2105 916 2166 assumerent
979 2096 1108 2165 Verum
1132 2106 1248 2165 tamen

128 2192 225 2269 tuere
240 2199 358 2299 etiam,
384 2199 443 2288 qui
455 2198 696 2268 inclarescendi
714 2200 865 2290 quadam
878 2201 1097 2292 perversitate
1111 2199 1248 2291 abrepti

130 2312 165 2371 et
176 2311 299 2395 poetae
314 2303 395 2370 clari
412 2311 445 2371 et
460 2311 609 2371 oratores
623 2302 690 2372 dici
702 2301 890 2393 haberique
901 2302 1029 2371 vehent
1046 2309 1080 2370 et
1100 2312 1247 2392 utroquo
1328 2382 1330 2386 ⁸

128 2407 263 2474 nomine
274 2406 440 2474 excellere
456 2412 627 2498 cuperent.
675 2405 734 2475 Ab
747 2405 813 2473 hac
826 2405 972 2475 maiae
983 2427 1028 2476 ne
1042 2405 1154 2498 ipsum
1167 2405 1247 2494 qui-

130 2508 210 2578 dem
222 2508 422 2577 Ciceronem
435 2509 601 2596 abfuisse,
626 2508 705 2578 satis
718 2517 930 2603 compertum
946 2517 1015 2578 ests
1039 2529 1143 2599 quem
1160 2508 1246 2576 Plu·

128 2610 264 2680 tarchus
277 2612 314 2679 in
328 2611 395 2680 Vit
411 2610 520 2680 Cicer.
543 2635 572 2681 c.
587 2608 650 2682 4⁰.
663 2611 707 2681 Τ.
720 2612 779 2683 lv.
798 2637 835 2706 p.
847 2607 935 2682 825.
954 2612 1000 2682 lu
1018 2611 1125 2681 refert
1145 2633 1246 2679 sexa-

128 2715 223 2806 ginta
231 2714 308 2807 jam
325 2736 487 2782 annornm
500 2737 633 2802 senem,
657 2723 750 2784 tanta
767 2738 866 2785 usum
878 2738 953 2784 esse
966 2715 1011 2783 ad
1025 2713 1144 2807 poesin
1157 2714 1245 2783 faci·

128 2818 235 2904 litate,
260 2825 314 2905 ut,
338 2817 366 2887 si
388 2817 523 2907 quando
544 2817 590 2887 ad
610 2818 824 2887 condendum
838 2840 976 2887 carmen
991 2818 1153 2904 ferrem,
1177 2840 1245 2886 una

127 2931 228 2989 nocte
243 2922 444 3012 quingentos
459 2920 585 2989 fuderit
598 2943 729 2991 versus:
755 2943 825 3012 quo
845 2921 1015 2991 sanctiori
1034 2943 1104 2989 non
1115 2929 1244 3013 posset,

128 3024 210 3113 quin
229 3045 345 3092 versus
368 3022 440 3115 ejus
454 3024 598 3099 fluerent
617 3024 788 3111 lutulenti,
813 3023 849 3097 in
868 3026 1001 3115 eisque,
1024 3032 1064 3092 ut
1081 3022 1117 3091 in
1135 3024 1244 3093 Luci-

128 3125 239 3212 lianis,
272 3134 376 3209 essct,
410 3125 504 3215 qnod
526 3126 629 3194 velles
650 3128 780 3196 tollere.
841 3126 990 3197 Proinde
1006 3127 1136 3196 Auctor
1152 3124 1242 3199 lliul.

128 3228 175 3297 de
191 3227 298 3298 Oratt
316 3252 345 3295 c.
365 3227 443 3311 21„
468 3230 659 3298 memoratis
679 3229 833 3299 Caesaris
853 3240 888 3299 et
907 3229 1006 3299 Bruti
1025 3228 1241 3314 orationibus,

129 3354 213 3422 quas
233 3334 278 3400 ob
301 3331 531 3401 lentitudinem
559 3341 593 3401 ct
611 3341 766 3425 teporem
784 3355 885 3402 nemo
904 3332 1015 3425 legat,
1046 3332 1108 3400 nisi
1128 3331 1187 3419 qni
1207 3338 1244 3401 ot
1364 3370 1368 3379 ·

129 3434 275 3502 carmina
288 3434 484 3502 eorumdem
504 3435 659 3521 miretur,
683 3437 792 3505 verius
812 3436 924 3509 nescio
945 3431 1058 3503 dicam
1079 3456 1123 3502 an
1143 3455 1243 3502 acer-

127 3536 203 3606 bius
226 3537 327 3605 etiarn
342 3537 386 3605 de
403 3537 569 3634 Cicerone
587 3538 698 3608 addit:
733 3538 961 3632 Scripsm
984 3536 1075 3606 euim
1097 3533 1244 3626 (Caesar

105 3643 163 3708 'et
176 3638 318 3731 Brutus)
335 3646 370 3708 et
390 3641 569 3728 cursabro,
595 3648 630 3710 et
647 3641 683 3710 ia
703 3638 921 3713 bibliothecis
936 3639 1149 3728 retulcmnt,
1172 3660 1243 3709 non

127 3743 270 3830 melius,
296 3765 404 3835 quom
422 3742 562 3830 Cicero,
583 3751 623 3812 al
634 3742 793 3836 felicius,
818 3745 904 3838 qus'u
917 3744 997 3813 illos
997 3741 1135 3836 secisse
1141 3763 1243 3835 pau-

127 3846 241 3943 cioreq
260 3847 383 3915 sciunt.
442 3845 495 3913 lta
512 3846 569 3915 ille
591 3848 709 3915 statuit·
724 3847 770 3917 de
788 3847 887 3941 poesi
907 3845 1098 3932 Ciceronis,
1138 3867 1244 3935 quem

127 3947 216 4016 adeo
235 3948 315 4016 nihil
337 3947 501 4017 dubitarit
513 3949 633 4017 inuitari
646 3949 793 4038 Plinius,
816 3958 872 4035 ut,
898 3971 1004 4039 quum
1020 3947 1168 4017 audisset
1188 3949 1242 4017 la-

126 4050 246 4119 scivius
271 4051 344 4143 ejus
366 4052 574 4144 epigramma
588 4052 624 4121 in
642 4051 822 4140 Tironem,
847 4050 942 4143 quod
956 4052 1130 4142 quondam
1148 4052 1242 4120 exci-

126 4153 224 4222 derat
246 4156 318 4222 viro
338 4155 519 4241 consulari,
552 4154 644 4246 ipse,
676 4177 757 4224 suae
780 4156 958 4225 immemor
979 4154 1167 4247 munus,
1206 4154 1242 4222 in

125 4257 354 4349 petulantioris
369 4259 558 4351 argumenti
576 4258 754 4353 poematiis
772 4258 897 4355 ingenii
915 4259 1002 4331 vires
1023 4257 1240 4351 experiretur,
