2768 4838
124 267 203 343 220
324 364 327 370 ι
374 284 429 349 os
453 286 682 337 c.-ra1.oro
706 287 818 337 auso
842 286 997 339 soson·

125 444 220 539 quod
240 443 385 515 initiatus
410 451 499 515 osset
519 442 719 536 qmbusdam
738 445 921 536 mysteriis,
953 444 1097 513 fortasse
1126 441 1252 513 Musa-

76 590 78 595 <
125 573 219 637 rum,
260 571 338 617 aum
366 548 402 616 in
431 568 473 617 oo
500 548 657 639 poeticae
682 547 780 615 dotes
810 548 951 617 luissent
979 545 1249 617 animadversae.

125 654 202 723 Huc
212 650 343 721 ratione
358 649 467 719 lanius
488 650 675 745 elegantius
691 649 754 718 sibi
768 649 945 719 ridebatur
960 649 1128 740 hariolari,
1146 672 1253 739 quam

127 755 294 825 duumviri
314 754 361 823 illi
377 763 412 823 et
433 774 550 823 eorum
569 754 743 848 popularis
765 751 855 822 Lud.
878 751 1049 823 Poinsinet
1071 752 1116 823 de
1137 752 1252 844 Sivry,

127 859 186 950 qui
205 858 343 949 Mystao
363 855 497 925 nomine
520 854 695 945 'libullum
713 855 968 949 intelligendum
995 879 1068 924 esse
1093 856 1250 948 opinatus

128 972 189 1033 est.
240 959 312 1031 Sed
327 960 475 1052 primum
488 967 526 1026 ut
545 957 786 1046 concedamus,
813 959 966 1050 Mystam
989 959 1151 1050 imprimis
1166 981 1253 1052 pro÷

127 1074 205 1159 pter
217 1062 342 1156 ingenii
357 1060 527 1152 quandam
541 1070 748 1132 venustatem
763 1064 910 1153 artisque
921 1063 1082 1156 poeticae
1100 1084 1252 1131 amorem

130 1190 246 1253 carum
259 1165 362 1235 fuisse
386 1165 489 1235 docto
501 1163 627 1258 Valgia
647 1172 689 1235 et'
703 1167 907 1258 gratiosum3
932 1176 1047 1234 tamen
1068 1189 1110 1234 ea
1130 1189 1168 1234 re
1188 1188 1253 1235 nos

128 1271 263 1339 nardino
285 1268 459 1361 impediri,
485 1269 663 1358 quominus
684 1267 730 1339 de
754 1291 863 1364 puero
883 1268 1029 1337 debeam
1052 1269 1254 1361 cogitemus.

128 1375 184 1442 vel
197 1372 479 1464 elegantissimmn
492 1372 577 1439 illud
597 1371 761 1441 Martialis
783 1373 993 1465 epigramma
1014 1370 1132 1462 docet,
1158 1370 1255 1463 quod

114 1476 176 1560 ‚ad
191 1476 381 1546 lirestilum
399 1496 545 1569 puerum
559 1475 691 1570 scripsit
703 1474 780 1544 lib.
795 1475 870 1544 Vll.
885 1499 940 1569 ep.
956 1473 1018 1545 28.
1265 1510 1272 1519 r

238 1577 410 1667 Titanis,
442 1575 591 1652 Victoris
615 1585 826 1647 tormentum
851 1579 957 1649 dolce
987 1574 1127 1666 Voconi,

289 1679 369 1776 Quo
393 1700 496 1749 acmo
521 1687 573 1751 est
597 1687 669 1751 toto
694 1681 809 1750 notior
833 1680 919 1751 orbe
937 1702 1054 1774 puers
1088 1694 1092 1703 '

233 1781 297 1855 Sic
322 1784 431 1853 etiam
451 1783 578 1875 positis
591 1782 778 1878 Jarmosus
802 1805 926 1878 amaa
949 1784 1104 1879 capillis,

283 1885 335 1957 Et
353 1886 504 1978 placeat
528 1889 605 1958 cati
632 1887 736 1956 nulla
758 1888 883 1981 puella
911 1895 991 1970 taor

239 1987 430 2081 Paulisper
458 1989 592 2060 domini
619 1990 742 2061 doctos
764 2011 894 2084 sepum
919 1989 1068 2075 libellos,
1179 2024 1184 2033 ·

291 2090 467 2161 Carmina
495 2090 628 2161 Victori
653 2093 739 2162 dam
764 2093 850 2186 lego
869 2115 996 2186 pauca
1022 2101 1092 2160 tao.

232 2192 287 2264 Et-
309 2193 515 2264 Maecenati
539 2193 651 2264 Maro
675 2217 783 2288 φιιιηι
807 2203 972 2265 cantant
996 2192 1140 2279 Alexin,

111 2379 116 2391 ¹
284 2296 384 2369 Nota
407 2304 529 2368 tannen
552 2296 673 2368 Marsi
687 2297 805 2392 jusca
827 2297 1006 2369 Melaenis
1031 2303 1121 2367 erat.

93 2394 97 2402 ’
232 2400 366 2471 Deinde
378 2425 466 2490 quae
479 2402 709 2471 illiVirillocti
725 2402 770 2471 de
784 2401 969 2473 domestico
984 2401 1133 2493 quodam
1145 2418 1257 2490 agno-

132 2502 221 2572 mine
243 2502 431 2597 disputa'nt‚
465 2527 506 2573 ea
529 2506 694 2573 nonsatis
716 2527 895 2596 assequor,
927 2507 988 2575 nisi
1010 2505 1098 2573 forte
1122 2500 1258 2586 notissi-
1334 2580 1337 2585 Ι

133 2628 227 2674 ιιιιιιιι
254 2606 355 2676 istmn
378 2615 598 2698 respexerunt
621 2628 751 2676 morem
772 2616 969 2700 poetamm,
1010 2608 1069 2697 qui
1093 2608 1272 2696 ingenuas.

132 2709 263 2803 puellas
279 2732 300 2779 a
321 2733 358 2779 se
376 2717 503 2779 amatm
517 2710 604 2779 lictis
625 2709 836 2779 celebrarunt
848 2711 1037 2779 nominibus
1056 2710 1164 2798 iisqu'e
1177 2707 1258 2799 ple—
1299 2706 1301 2710 ’

134 2833 277 2900 rumque
300 2811 461 2901 Graecis,
494 2822 529 2882 et
551 2834 620 2903 quo
645 2835 741 2883 more
762 2814 796 2882 in
817 2814 931 2906 pueris
958 2815 1059 2883 etiam
1078 2834 1157 2879 usus
1187 2816 1261 2878 crat

133 2913 319 3008 Apulejm‚
346 2924 384 2984 ut
404 2914 478 3008 ipse
502 2926 614 2984 narrat
631 2917 783 3010 Apolog.
802 2940 837 3009 p.
861 2915 945 2988 279.
965 2917 1055 2985 Elm.
1086 2914 1161 3004 1⁵).
1211 2913 1263 2981 At
1311 2966 1317 2972 .

133 3015 213 3085 huic
237 3019 419 3110 suspicioni
441 3041 521 3086 cum·
534 3019 599 3087 alia
619 3019 676 3087 lric
696 3019 932 3108 adversantur,
957 3029 1029 3088 tum
1049 3017 1193 3087 maxime
1213 3015 1259 3083 si-

134 3120 272 3189 lentium
288 3120 570 3208 Scholiastarum‚
597 3123 655 3211 qui
675 3123 745 3191 abis
765 3123 801 3190 in
821 3124 904 3192 locis
924 3145 1000 3192 eam
1013 3123 1068 3191 vel
1087 3119 1268 3211 adjuvant.

135 3232 173 3291 ut
186 3223 264 3293 Lib.
286 3224 331 3298 ll.
348 3224 406 3293 od
422 3223 482 3295 12.
508 3223 837 3313 v.13.,veldiserte
853 3235 1066 3313 attestantur,
1092 3232 1130 3292 ut
1145 3222 1216 3291 Sat.
1230 3220 1260 3294 l.

136 3325 173 3396 2.
198 3348 230 3395 v.
251 3323 312 3395 64.
362 3327 519 3418 Denique
541 3328 649 3397 nullus
671 3328 752 3396 mihi
776 3331 939 3397 succurrit
960 3330 1056 3397 locus
1078 3325 1261 3416 scriptoris,

135 3451 208 3520 quo
226 3438 320 3499 extra
339 3453 474 3499 omnem
498 3431 740 3501 dubitationem
761 3443 927 3527 ponatur,
951 3433 1125 3501 Romanos
1147 3427 1260 3497 liberis

136 3533 203 3601 suis
223 3533 402 3625 palpantes
425 3533 567 3603 Graecis
587 3556 666 3626 usos
689 3558 762 3604 esse
783 3536 987 3621 nominibus,
1012 3536 1059 3602 ita
1079 3543 1117 3601 ut
1135 3530 1262 3600 blanda

135 3633 224 3728 haec
238 3637 418 3728 agnomina
440 3637 541 3706 etiam
562 3637 692 3730 scriptis
708 3646 744 3706 et
760 3639 961 3706 carminibus
985 3638 1155 3731 iarnlgus
1176 3656 1262 3728 pro-

137 3737 313 3827 derentur,
347 3741 495 3833 exceptis
518 3741 661 3810 sortasse
685 3742 936 3834 epigrammatis
949 3741 1159 3833 jocularibus
1188 3737 1263 3828 pri-

137 3851 232 3910 vatos
245 3841 333 3913 inter
349 3845 494 3936 parietes
510 3844 695 3936 scriptisao
715 3845 870 3917 recitatis.
922 3844 1019 3914 Bene
1034 3843 1172 3934 quidem
1187 3862 1264 3921 me·
1322 3852 1329 3869 ·’

138 3945 237 4029 mini,
263 3942 357 4036 quod
370 3947 483 4016 scribit
498 3946 660 4018 Horatius
675 3947 746 4019 Sat
764 3949 791 4019 l.
827 3947 862 4019 3.
890 3971 922 4018 v.
937 3946 989 4016 44
1004 3970 1097 4038 sqq:

205 4208 255 4280 15)
289 4211 344 4267 Cla.
363 4211 509 4269 Commeat.
525 4215 552 4268 d.
568 4217 689 4283 Inclita,
716 4217 870 4288 Timagenis
891 4217 1061 4279 aemulatore,
1079 4213 1146 4282 §.b
1161 4217 1186 4269 ei
1211 4212 1265 4267 im·

137 4279 231 4348 primis
243 4282 321 4336 docta
337 4281 472 4337 lluscbiril
484 4284 624 4352 disputatio
639 4285 666 4340 in
679 4285 796 4343 toalea.
810 4287 902 4342 litter.
915 4304 943 4353 p.
957 4284 1009 4339 sm
1022 4302 1079 4357 sqq.
