<?xml version="1.0" encoding="UTF-8"?>
<!DOCTYPE html PUBLIC "-//W3C//DTD XHTML 1.0 Transitional//EN"
    "http://www.w3.org/TR/xhtml1/DTD/xhtml1-transitional.dtd">
<html xmlns="http://www.w3.org/1999/xhtml" xml:lang="en" lang="en">
 <head>
  <title>
</title>
<meta http-equiv="Content-Type" content="text/html;charset=utf-8" />
  <meta name='ocr-system' content='tesseract 3.04.00' />
  <meta name='ocr-capabilities' content='ocr_page ocr_carea ocr_par ocr_line ocrx_word'/>
</head>
<body>
  <div class='ocr_page' id='page_1' title='image "./poetarumlatinor01weicgoog_0289.png"; bbox 0 0 2768 4838; ppageno 0'>
   <div class='ocr_carea' id='block_1_1' title="bbox 77 813 86 844">
    <p class='ocr_par' dir='ltr' id='par_1_1' title="bbox 77 813 86 844">
     <span class='ocr_line' id='line_1_1' title="bbox 77 813 86 844; baseline 0 0"><span class='ocrx_word' id='word_1_1' title='bbox 77 813 86 844; x_wconf 81' lang='grc'><strong>1</strong></span> 
     </span>
    </p>
   </div>
   <div class='ocr_carea' id='block_1_2' title="bbox 44 3367 936 3443">
    <p class='ocr_par' dir='ltr' id='par_1_2' title="bbox 44 3367 936 3443">
     <span class='ocr_line' id='line_1_2' title="bbox 44 3367 936 3443; baseline -0.002 -19"><span class='ocrx_word' id='word_1_2' title='bbox 44 3434 51 3443; x_wconf 85' lang='lat'>.</span> <span class='ocrx_word' id='word_1_3' title='bbox 166 3369 244 3424; x_wconf 77' lang='lat' dir='ltr'><strong>ome.</strong></span> <span class='ocrx_word' id='word_1_4' title='bbox 262 3369 335 3424; x_wconf 79' lang='lat' dir='ltr'><strong>ln‘br.</strong></span> <span class='ocrx_word' id='word_1_5' title='bbox 352 3372 374 3426; x_wconf 91' lang='lat' dir='ltr'><strong>l.</strong></span> <span class='ocrx_word' id='word_1_6' title='bbox 393 3389 416 3424; x_wconf 86' lang='lat' dir='ltr'><strong>c.</strong></span> <span class='ocrx_word' id='word_1_7' title='bbox 434 3370 478 3428; x_wconf 83' lang='lat'><strong>29.</strong></span> <span class='ocrx_word' id='word_1_8' title='bbox 494 3370 558 3439; x_wconf 84' lang='lat' dir='ltr'><strong>ibiq.</strong></span> <span class='ocrx_word' id='word_1_9' title='bbox 582 3367 764 3439; x_wconf 70' lang='lat' dir='ltr'><strong>Heusingerur</strong></span> <span class='ocrx_word' id='word_1_10' title='bbox 785 3387 813 3438; x_wconf 85' lang='lat' dir='ltr'><strong>p.</strong></span> <span class='ocrx_word' id='word_1_11' title='bbox 829 3368 891 3422; x_wconf 77' lang='lat'><strong>242.</strong></span> <span class='ocrx_word' id='word_1_12' title='bbox 908 3373 936 3422; x_wconf 91' lang='lat' dir='ltr'><strong>et</strong></span> 
     </span>
    </p>
   </div>
   <div class='ocr_carea' id='block_1_3' title="bbox 165 232 1144 344">
    <p class='ocr_par' dir='ltr' id='par_1_3' title="bbox 165 232 1144 344">
     <span class='ocr_line' id='line_1_3' title="bbox 165 232 1144 344; baseline 0.006 -28"><span class='ocrx_word' id='word_1_13' title='bbox 165 239 242 317; x_wconf 78' lang='lat' dir='ltr'><strong>m</strong></span> <span class='ocrx_word' id='word_1_14' title='bbox 293 334 296 339; x_wconf 19' lang='grc' dir='ltr'>Ι</span> <span class='ocrx_word' id='word_1_15' title='bbox 328 264 394 319; x_wconf 76' lang='lat' dir='ltr'><strong>on</strong></span> <span class='ocrx_word' id='word_1_16' title='bbox 417 249 452 344; x_wconf 65' lang='lat' dir='ltr'><strong>q.</strong></span> <span class='ocrx_word' id='word_1_17' title='bbox 475 232 624 317; x_wconf 82' lang='lat' dir='ltr'><strong>uouarn</strong></span> <span class='ocrx_word' id='word_1_18' title='bbox 646 268 776 319; x_wconf 76' lang='lat' dir='ltr'><strong>mcor</strong></span> <span class='ocrx_word' id='word_1_19' title='bbox 798 267 1144 324; x_wconf 80' lang='lat' dir='ltr'><strong>osmrcrnronmos.</strong></span> 
     </span>
    </p>
   </div>
   <div class='ocr_carea' id='block_1_4' title="bbox 164 390 1358 716">
    <p class='ocr_par' dir='ltr' id='par_1_4' title="bbox 164 390 1358 716">
     <span class='ocr_line' id='line_1_4' title="bbox 267 390 1358 510; baseline 0.005 -24"><span class='ocrx_word' id='word_1_20' title='bbox 267 417 359 488; x_wconf 86' lang='lat' dir='ltr'><strong>Num</strong></span> <span class='ocrx_word' id='word_1_21' title='bbox 372 417 461 486; x_wconf 86' lang='lat' dir='ltr'><strong>haec</strong></span> <span class='ocrx_word' id='word_1_22' title='bbox 474 427 626 486; x_wconf 86' lang='lat' dir='ltr'><strong>veterum</strong></span> <span class='ocrx_word' id='word_1_23' title='bbox 641 418 855 510; x_wconf 83' lang='lat' dir='ltr'><strong>ingeniormn</strong></span> <span class='ocrx_word' id='word_1_24' title='bbox 875 441 1036 507; x_wconf 89' lang='lat' dir='ltr'><strong>censura,</strong></span> <span class='ocrx_word' id='word_1_25' title='bbox 1068 421 1114 488; x_wconf 90' lang='lat' dir='ltr'><strong>ab</strong></span> <span class='ocrx_word' id='word_1_26' title='bbox 1137 419 1284 492; x_wconf 86' lang='lat' dir='ltr'><strong>Horatio</strong></span> <span class='ocrx_word' id='word_1_27' title='bbox 1355 390 1358 401; x_wconf 78' lang='lat'><strong>,</strong></span> 
     </span>
     <span class='ocr_line' id='line_1_5' title="bbox 165 520 1284 611; baseline 0.004 -21"><span class='ocrx_word' id='word_1_28' title='bbox 165 541 233 590; x_wconf 94' lang='lat' dir='ltr'><strong>non</strong></span> <span class='ocrx_word' id='word_1_29' title='bbox 246 543 311 611; x_wconf 92' lang='lat' dir='ltr'><strong>per</strong></span> <span class='ocrx_word' id='word_1_30' title='bbox 323 522 535 590; x_wconf 82' lang='lat' dir='ltr'><strong>occasionem</strong></span> <span class='ocrx_word' id='word_1_31' title='bbox 547 522 636 589; x_wconf 85' lang='lat' dir='ltr'><strong>forte</strong></span> <span class='ocrx_word' id='word_1_32' title='bbox 651 523 809 607; x_wconf 84' lang='lat' dir='ltr'><strong>oblatam,</strong></span> <span class='ocrx_word' id='word_1_33' title='bbox 824 520 888 591; x_wconf 86' lang='lat' dir='ltr'><strong>sed</strong></span> <span class='ocrx_word' id='word_1_34' title='bbox 901 523 1085 611; x_wconf 74' lang='lat' dir='ltr'><strong>quaesitam</strong></span> <span class='ocrx_word' id='word_1_35' title='bbox 1099 522 1193 591; x_wconf 89' lang='lat' dir='ltr'><strong>haud</strong></span> <span class='ocrx_word' id='word_1_36' title='bbox 1206 548 1284 594; x_wconf 87' lang='lat' dir='ltr'><strong>raro</strong></span> 
     </span>
     <span class='ocr_line' id='line_1_6' title="bbox 164 623 1286 716; baseline 0.005 -26"><span class='ocrx_word' id='word_1_37' title='bbox 164 633 200 690; x_wconf 91' lang='lat' dir='ltr'><strong>et</strong></span> <span class='ocrx_word' id='word_1_38' title='bbox 213 623 361 691; x_wconf 82' lang='lat' dir='ltr'><strong>studiose</strong></span> <span class='ocrx_word' id='word_1_39' title='bbox 373 625 566 692; x_wconf 79' lang='lat' dir='ltr'><strong>arcessitam</strong></span> <span class='ocrx_word' id='word_1_40' title='bbox 579 624 686 710; x_wconf 85' lang='lat' dir='ltr'><strong>facto,</strong></span> <span class='ocrx_word' id='word_1_41' title='bbox 712 624 812 694; x_wconf 83' lang='lat' dir='ltr'><strong>fuerit</strong></span> <span class='ocrx_word' id='word_1_42' title='bbox 825 647 935 716; x_wconf 88' lang='lat' dir='ltr'><strong>aequa</strong></span> <span class='ocrx_word' id='word_1_43' title='bbox 955 633 989 692; x_wconf 92' lang='lat' dir='ltr'><strong>et</strong></span> <span class='ocrx_word' id='word_1_44' title='bbox 1001 626 1108 694; x_wconf 89' lang='lat' dir='ltr'><strong>aliena</strong></span> <span class='ocrx_word' id='word_1_45' title='bbox 1124 626 1171 708; x_wconf 92' lang='lat' dir='ltr'><strong>ab</strong></span> <span class='ocrx_word' id='word_1_46' title='bbox 1191 628 1286 696; x_wconf 90' lang='lat' dir='ltr'><strong>omni</strong></span> 
     </span>
    </p>
   </div>
   <div class='ocr_carea' id='block_1_5' title="bbox 52 725 1285 819">
    <p class='ocr_par' dir='ltr' id='par_1_5' title="bbox 52 725 1285 819">
     <span class='ocr_line' id='line_1_7' title="bbox 52 725 1285 819; baseline 0 -19"><span class='ocrx_word' id='word_1_47' title='bbox 52 790 58 800; x_wconf 95' lang='lat'>.</span> <span class='ocrx_word' id='word_1_48' title='bbox 157 725 335 819; x_wconf 85' lang='lat' dir='ltr'><strong>judicandi</strong></span> <span class='ocrx_word' id='word_1_49' title='bbox 348 727 547 818; x_wconf 89' lang='lat' dir='ltr'><strong>cupiditate,</strong></span> <span class='ocrx_word' id='word_1_50' title='bbox 572 749 642 796; x_wconf 91' lang='lat' dir='ltr'><strong>non</strong></span> <span class='ocrx_word' id='word_1_51' title='bbox 656 736 754 794; x_wconf 85' lang='lat' dir='ltr'><strong>vacat</strong></span> <span class='ocrx_word' id='word_1_52' title='bbox 768 725 825 794; x_wconf 93' lang='lat' dir='ltr'><strong>hic</strong></span> <span class='ocrx_word' id='word_1_53' title='bbox 838 729 1025 818; x_wconf 83' lang='lat' dir='ltr'><strong>explorare.</strong></span> <span class='ocrx_word' id='word_1_54' title='bbox 1064 728 1154 796; x_wconf 88' lang='lat' dir='ltr'><strong>Eam</strong></span> <span class='ocrx_word' id='word_1_55' title='bbox 1169 739 1285 800; x_wconf 86' lang='lat' dir='ltr'><strong>tamen</strong></span> 
     </span>
    </p>
   </div>
   <div class='ocr_carea' id='block_1_6' title="bbox 146 829 1286 1436">
    <p class='ocr_par' dir='ltr' id='par_1_6' title="bbox 146 829 1286 1436">
     <span class='ocr_line' id='line_1_8' title="bbox 163 829 1284 925; baseline 0.006 -29"><span class='ocrx_word' id='word_1_56' title='bbox 163 852 186 896; x_wconf 91' lang='lat' dir='ltr'><strong>a</strong></span> <span class='ocrx_word' id='word_1_57' title='bbox 205 829 368 897; x_wconf 84' lang='lat' dir='ltr'><strong>nonnullis</strong></span> <span class='ocrx_word' id='word_1_58' title='bbox 390 830 579 918; x_wconf 85' lang='lat' dir='ltr'><strong>aequalium</strong></span> <span class='ocrx_word' id='word_1_59' title='bbox 603 830 692 897; x_wconf 90' lang='lat' dir='ltr'><strong>male</strong></span> <span class='ocrx_word' id='word_1_60' title='bbox 720 838 897 921; x_wconf 80' lang='lat' dir='ltr'><strong>acceptam</strong></span> <span class='ocrx_word' id='word_1_61' title='bbox 919 852 1012 917; x_wconf 86' lang='lat' dir='ltr'><strong>esse,</strong></span> <span class='ocrx_word' id='word_1_62' title='bbox 1050 830 1131 903; x_wconf 90' lang='lat' dir='ltr'><strong>inde</strong></span> <span class='ocrx_word' id='word_1_63' title='bbox 1152 833 1284 925; x_wconf 89' lang='lat' dir='ltr'><strong>liquido</strong></span> 
     </span>
     <span class='ocr_line' id='line_1_9' title="bbox 162 931 1286 1026; baseline 0.008 -28"><span class='ocrx_word' id='word_1_64' title='bbox 162 940 277 1026; x_wconf 88' lang='lat' dir='ltr'><strong>patet,</strong></span> <span class='ocrx_word' id='word_1_65' title='bbox 305 931 402 1022; x_wconf 71' lang='lat' dir='ltr'><strong>quod,</strong></span> <span class='ocrx_word' id='word_1_66' title='bbox 410 932 586 1020; x_wconf 91' lang='lat' dir='ltr'><strong>Horatius,</strong></span> <span class='ocrx_word' id='word_1_67' title='bbox 611 941 757 1007; x_wconf 82' lang='lat' dir='ltr'><strong>utsuam</strong></span> <span class='ocrx_word' id='word_1_68' title='bbox 770 933 841 1001; x_wconf 85' lang='lat' dir='ltr'><strong>aliis</strong></span> <span class='ocrx_word' id='word_1_69' title='bbox 857 933 1052 1002; x_wconf 89' lang='lat' dir='ltr'><strong>sententiam</strong></span> <span class='ocrx_word' id='word_1_70' title='bbox 1075 938 1286 1026; x_wconf 83' lang='lat' dir='ltr'><strong>approbaret</strong></span> 
     </span>
     <span class='ocr_line' id='line_1_10' title="bbox 163 1028 1284 1129; baseline 0.006 -26"><span class='ocrx_word' id='word_1_71' title='bbox 163 1044 200 1103; x_wconf 93' lang='lat' dir='ltr'><strong>et</strong></span> <span class='ocrx_word' id='word_1_72' title='bbox 218 1035 411 1103; x_wconf 90' lang='lat' dir='ltr'><strong>nominatim</strong></span> <span class='ocrx_word' id='word_1_73' title='bbox 431 1037 588 1128; x_wconf 82' lang='lat' dir='ltr'><strong>Augusto</strong></span> <span class='ocrx_word' id='word_1_74' title='bbox 608 1035 643 1103; x_wconf 91' lang='lat' dir='ltr'><strong>in</strong></span> <span class='ocrx_word' id='word_1_75' title='bbox 668 1034 896 1127; x_wconf 90' lang='lat' dir='ltr'><strong>pulcherrima</strong></span> <span class='ocrx_word' id='word_1_76' title='bbox 915 1036 974 1104; x_wconf 86' lang='lat' dir='ltr'><strong>illa</strong></span> <span class='ocrx_word' id='word_1_77' title='bbox 996 1037 1154 1128; x_wconf 88' lang='lat' dir='ltr'><strong>epistola,</strong></span> <span class='ocrx_word' id='word_1_78' title='bbox 1180 1028 1284 1129; x_wconf 84' lang='lat' dir='ltr'><strong>quam</strong></span> 
     </span>
     <span class='ocr_line' id='line_1_11' title="bbox 163 1137 1283 1232; baseline 0.006 -26"><span class='ocrx_word' id='word_1_79' title='bbox 163 1156 282 1206; x_wconf 79' lang='lat' dir='ltr'><strong>verum</strong></span> <span class='ocrx_word' id='word_1_80' title='bbox 299 1137 339 1205; x_wconf 87' lang='lat' dir='ltr'><strong>sit</strong></span> <span class='ocrx_word' id='word_1_81' title='bbox 346 1137 545 1228; x_wconf 84' lang='lat' dir='ltr'><strong>justumque</strong></span> <span class='ocrx_word' id='word_1_82' title='bbox 567 1161 664 1207; x_wconf 88' lang='lat' dir='ltr'><strong>suum</strong></span> <span class='ocrx_word' id='word_1_83' title='bbox 689 1137 734 1206; x_wconf 92' lang='lat' dir='ltr'><strong>de</strong></span> <span class='ocrx_word' id='word_1_84' title='bbox 751 1138 815 1208; x_wconf 88' lang='lat' dir='ltr'><strong>illis</strong></span> <span class='ocrx_word' id='word_1_85' title='bbox 831 1138 1018 1231; x_wconf 83' lang='lat' dir='ltr'><strong>judicium,</strong></span> <span class='ocrx_word' id='word_1_86' title='bbox 1048 1142 1283 1232; x_wconf 88' lang='lat' dir='ltr'><strong>persuaderet,</strong></span> 
     </span>
     <span class='ocr_line' id='line_1_12' title="bbox 146 1238 1285 1334; baseline 0.006 -27"><span class='ocrx_word' id='word_1_87' title='bbox 146 1238 299 1320; x_wconf 74' lang='lat' dir='ltr'><strong>&#39;omnem</strong></span> <span class='ocrx_word' id='word_1_88' title='bbox 319 1239 414 1308; x_wconf 91' lang='lat' dir='ltr'><strong>dedit</strong></span> <span class='ocrx_word' id='word_1_89' title='bbox 435 1262 592 1333; x_wconf 85' lang='lat' dir='ltr'><strong>operam,</strong></span> <span class='ocrx_word' id='word_1_90' title='bbox 624 1251 725 1331; x_wconf 87' lang='lat' dir='ltr'><strong>atque</strong></span> <span class='ocrx_word' id='word_1_91' title='bbox 742 1240 778 1309; x_wconf 91' lang='lat' dir='ltr'><strong>in</strong></span> <span class='ocrx_word' id='word_1_92' title='bbox 797 1264 876 1329; x_wconf 91' lang='lat' dir='ltr'><strong>eos,</strong></span> <span class='ocrx_word' id='word_1_93' title='bbox 910 1263 1055 1332; x_wconf 90' lang='lat' dir='ltr'><strong>quorum</strong></span> <span class='ocrx_word' id='word_1_94' title='bbox 1071 1242 1240 1334; x_wconf 85' lang='lat' dir='ltr'><strong>judicium</strong></span> <span class='ocrx_word' id='word_1_95' title='bbox 1255 1270 1285 1316; x_wconf 83' lang='lat' dir='ltr'><strong>a</strong></span> 
     </span>
     <span class='ocr_line' id='line_1_13' title="bbox 165 1329 1283 1436; baseline 0.005 -24"><span class='ocrx_word' id='word_1_96' title='bbox 165 1365 225 1412; x_wconf 89' lang='lat' dir='ltr'><strong>suo</strong></span> <span class='ocrx_word' id='word_1_97' title='bbox 241 1341 448 1435; x_wconf 81' lang='lat' dir='ltr'><strong>discreparet</strong></span> <span class='ocrx_word' id='word_1_98' title='bbox 460 1345 586 1435; x_wconf 89' lang='lat' dir='ltr'><strong>quique</strong></span> <span class='ocrx_word' id='word_1_99' title='bbox 601 1345 840 1415; x_wconf 77' lang='lat' dir='ltr'><strong>labefactatam</strong></span> <span class='ocrx_word' id='word_1_100' title='bbox 856 1353 1008 1412; x_wconf 84' lang='lat' dir='ltr'><strong>veterum</strong></span> <span class='ocrx_word' id='word_1_101' title='bbox 1021 1329 1201 1436; x_wconf 82' lang='lat' dir='ltr'><strong>poetarum</strong></span> <span class='ocrx_word' id='word_1_102' title='bbox 1219 1372 1283 1418; x_wconf 89' lang='lat' dir='ltr'><strong>au-</strong></span> 
     </span>
    </p>
   </div>
   <div class='ocr_carea' id='block_1_7' title="bbox 136 1447 1283 1543">
    <p class='ocr_par' dir='ltr' id='par_1_7' title="bbox 136 1447 1283 1543">
     <span class='ocr_line' id='line_1_14' title="bbox 136 1447 1283 1543; baseline 0.005 -29"><span class='ocrx_word' id='word_1_103' title='bbox 136 1482 139 1487; x_wconf 94' lang='lat'>·</span> <span class='ocrx_word' id='word_1_104' title='bbox 164 1447 352 1515; x_wconf 83' lang='lat' dir='ltr'><strong>ctoritatem</strong></span> <span class='ocrx_word' id='word_1_105' title='bbox 371 1447 456 1514; x_wconf 90' lang='lat' dir='ltr'><strong>tueri</strong></span> <span class='ocrx_word' id='word_1_106' title='bbox 475 1470 659 1537; x_wconf 89' lang='lat' dir='ltr'><strong>eorumque</strong></span> <span class='ocrx_word' id='word_1_107' title='bbox 679 1447 816 1516; x_wconf 88' lang='lat' dir='ltr'><strong>laudem</strong></span> <span class='ocrx_word' id='word_1_108' title='bbox 835 1449 962 1516; x_wconf 85' lang='lat' dir='ltr'><strong>salvam</strong></span> <span class='ocrx_word' id='word_1_109' title='bbox 982 1448 1283 1543; x_wconf 77' lang='lat' dir='ltr'><strong>intemeratamque</strong></span> 
     </span>
    </p>
   </div>
   <div class='ocr_carea' id='block_1_8' title="bbox 157 1546 1368 2158">
    <p class='ocr_par' dir='ltr' id='par_1_8' title="bbox 157 1546 1368 2158">
     <span class='ocr_line' id='line_1_15' title="bbox 162 1546 1333 1645; baseline 0.005 -28"><span class='ocrx_word' id='word_1_110' title='bbox 162 1548 540 1644; x_wconf 83' lang='lat' dir='ltr'><strong>praestare&#39;stnderent,</strong></span> <span class='ocrx_word' id='word_1_111' title='bbox 566 1573 635 1619; x_wconf 91' lang='lat' dir='ltr'><strong>non</strong></span> <span class='ocrx_word' id='word_1_112' title='bbox 647 1560 735 1619; x_wconf 92' lang='lat' dir='ltr'><strong>tecte</strong></span> <span class='ocrx_word' id='word_1_113' title='bbox 749 1574 790 1618; x_wconf 91' lang='lat' dir='ltr'><strong>ac</strong></span> <span class='ocrx_word' id='word_1_114' title='bbox 803 1548 938 1637; x_wconf 88' lang='lat' dir='ltr'><strong>leniter,</strong></span> <span class='ocrx_word' id='word_1_115' title='bbox 964 1551 1025 1620; x_wconf 90' lang='lat' dir='ltr'><strong>sed</strong></span> <span class='ocrx_word' id='word_1_116' title='bbox 1039 1562 1156 1645; x_wconf 85' lang='lat' dir='ltr'><strong>aperte</strong></span> <span class='ocrx_word' id='word_1_117' title='bbox 1171 1546 1284 1623; x_wconf 90' lang='lat' dir='ltr'><strong>dicto-</strong></span> <span class='ocrx_word' id='word_1_118' title='bbox 1329 1578 1333 1595; x_wconf 79' lang='lat'><em>¹</em></span> 
     </span>
     <span class='ocr_line' id='line_1_16' title="bbox 165 1652 1363 1754; baseline 0.009 -34"><span class='ocrx_word' id='word_1_119' title='bbox 165 1673 233 1745; x_wconf 92' lang='lat' dir='ltr'><strong>que</strong></span> <span class='ocrx_word' id='word_1_120' title='bbox 250 1653 402 1740; x_wconf 89' lang='lat' dir='ltr'><strong>nomine,</strong></span> <span class='ocrx_word' id='word_1_121' title='bbox 436 1675 525 1722; x_wconf 91' lang='lat' dir='ltr'><strong>nunc</strong></span> <span class='ocrx_word' id='word_1_122' title='bbox 544 1652 731 1722; x_wconf 87' lang='lat' dir='ltr'><strong>admirabili</strong></span> <span class='ocrx_word' id='word_1_123' title='bbox 752 1654 939 1723; x_wconf 85' lang='lat' dir='ltr'><strong>urbanitate</strong></span> <span class='ocrx_word' id='word_1_124' title='bbox 963 1663 997 1722; x_wconf 90' lang='lat' dir='ltr'><strong>et</strong></span> <span class='ocrx_word' id='word_1_125' title='bbox 1017 1655 1156 1749; x_wconf 82' lang='lat' dir='ltr'><strong>festivae</strong></span> <span class='ocrx_word' id='word_1_126' title='bbox 1177 1661 1283 1754; x_wconf 81' lang='grc' dir='ltr'><strong><em>εἰρω-</em></strong></span> <span class='ocrx_word' id='word_1_127' title='bbox 1361 1725 1363 1729; x_wconf 77' lang='grc'>,</span> 
     </span>
     <span class='ocr_line' id='line_1_17' title="bbox 164 1753 1368 1853; baseline -0.001 -23"><span class='ocrx_word' id='word_1_128' title='bbox 164 1753 262 1836; x_wconf 62' lang='grc' dir='ltr'><strong><em>θείας</em></strong></span> <span class='ocrx_word' id='word_1_129' title='bbox 277 1755 417 1846; x_wconf 82' lang='lat' dir='ltr'><strong>aculeis,</strong></span> <span class='ocrx_word' id='word_1_130' title='bbox 443 1778 532 1824; x_wconf 89' lang='lat' dir='ltr'><strong>nunc</strong></span> <span class='ocrx_word' id='word_1_131' title='bbox 547 1755 764 1849; x_wconf 77' lang='lat' dir='ltr'><strong>indignationi</strong></span> <span class='ocrx_word' id='word_1_132' title='bbox 783 1765 886 1846; x_wconf 88' lang='lat' dir='ltr'><strong>atque</strong></span> <span class='ocrx_word' id='word_1_133' title='bbox 903 1756 974 1825; x_wconf 90' lang='lat' dir='ltr'><strong>irae</strong></span> <span class='ocrx_word' id='word_1_134' title='bbox 994 1765 1082 1826; x_wconf 87' lang='lat' dir='ltr'><strong>totus</strong></span> <span class='ocrx_word' id='word_1_135' title='bbox 1103 1758 1282 1853; x_wconf 85' lang='lat' dir='ltr'><strong>indulgens</strong></span> <span class='ocrx_word' id='word_1_136' title='bbox 1365 1832 1368 1837; x_wconf 72' lang='grc'><strong>,</strong></span> 
     </span>
     <span class='ocr_line' id='line_1_18' title="bbox 159 1852 1361 1954; baseline 0.006 -29"><span class='ocrx_word' id='word_1_137' title='bbox 159 1855 356 1945; x_wconf 63' lang='lat' dir='ltr'><strong>uehementi</strong></span> <span class='ocrx_word' id='word_1_138' title='bbox 377 1867 413 1930; x_wconf 87' lang='lat' dir='ltr'><strong>et</strong></span> <span class='ocrx_word' id='word_1_139' title='bbox 436 1858 687 1952; x_wconf 89' lang='lat' dir='ltr'><strong>propemodum</strong></span> <span class='ocrx_word' id='word_1_140' title='bbox 716 1860 868 1930; x_wconf 86' lang='lat' dir='ltr'><strong>illiberali</strong></span> <span class='ocrx_word' id='word_1_141' title='bbox 891 1860 1073 1930; x_wconf 86' lang='lat' dir='ltr'><strong>verborum</strong></span> <span class='ocrx_word' id='word_1_142' title='bbox 1102 1863 1283 1954; x_wconf 88' lang='lat' dir='ltr'><strong>asperitate</strong></span> <span class='ocrx_word' id='word_1_143' title='bbox 1358 1852 1361 1855; x_wconf 38' lang='lat'>⁵</span> 
     </span>
     <span class='ocr_line' id='line_1_19' title="bbox 163 1960 1310 2054; baseline 0.004 -25"><span class='ocrx_word' id='word_1_144' title='bbox 163 1960 319 2030; x_wconf 80' lang='lat' dir='ltr'><strong>invectus*</strong></span> <span class='ocrx_word' id='word_1_145' title='bbox 331 1969 392 2031; x_wconf 81' lang='lat' dir='ltr'><strong>est.</strong></span> <span class='ocrx_word' id='word_1_146' title='bbox 423 1961 537 2051; x_wconf 85' lang='lat' dir='ltr'><strong>Atque</strong></span> <span class='ocrx_word' id='word_1_147' title='bbox 550 1961 608 2030; x_wconf 91' lang='lat' dir='ltr'><strong>hic</strong></span> <span class='ocrx_word' id='word_1_148' title='bbox 622 1963 714 2054; x_wconf 87' lang='lat' dir='ltr'><strong>ipse,</strong></span> <span class='ocrx_word' id='word_1_149' title='bbox 740 1985 809 2053; x_wconf 90' lang='lat' dir='ltr'><strong>quo</strong></span> <span class='ocrx_word' id='word_1_150' title='bbox 822 1960 981 2033; x_wconf 75' lang='lat' dir='ltr'><strong>Horatius</strong></span> <span class='ocrx_word' id='word_1_151' title='bbox 997 1963 1184 2052; x_wconf 83' lang='lat' dir='ltr'><strong>incalescit,</strong></span> <span class='ocrx_word' id='word_1_152' title='bbox 1209 1965 1283 2034; x_wconf 85' lang='lat' dir='ltr'><strong>dis·</strong></span> <span class='ocrx_word' id='word_1_153' title='bbox 1303 1980 1310 2000; x_wconf 66' lang='lat'>²</span> 
     </span>
     <span class='ocr_line' id='line_1_20' title="bbox 157 2063 1283 2158; baseline 0.004 -26"><span class='ocrx_word' id='word_1_154' title='bbox 157 2063 306 2158; x_wconf 24' lang='lat' dir='ltr'><strong>,putandi</strong></span> <span class='ocrx_word' id='word_1_155' title='bbox 325 2086 487 2155; x_wconf 88' lang='lat' dir='ltr'><strong>suamque</strong></span> <span class='ocrx_word' id='word_1_156' title='bbox 506 2067 701 2134; x_wconf 88' lang='lat' dir='ltr'><strong>sententiam</strong></span> <span class='ocrx_word' id='word_1_157' title='bbox 720 2064 925 2134; x_wconf 87' lang='lat' dir='ltr'><strong>defendendi</strong></span> <span class='ocrx_word' id='word_1_158' title='bbox 945 2066 1059 2135; x_wconf 86' lang='lat' dir='ltr'><strong>fervor</strong></span> <span class='ocrx_word' id='word_1_159' title='bbox 1079 2067 1156 2136; x_wconf 87' lang='lat' dir='ltr'><strong>satis</strong></span> <span class='ocrx_word' id='word_1_160' title='bbox 1172 2065 1283 2136; x_wconf 84' lang='lat' dir='ltr'><strong>docu-</strong></span> 
     </span>
    </p>
   </div>
   <div class='ocr_carea' id='block_1_9' title="bbox 100 2168 1283 2259">
    <p class='ocr_par' dir='ltr' id='par_1_9' title="bbox 100 2168 1283 2259">
     <span class='ocr_line' id='line_1_21' title="bbox 100 2168 1283 2259; baseline 0.003 -22"><span class='ocrx_word' id='word_1_161' title='bbox 100 2240 102 2245; x_wconf 67' lang='grc'>,</span> <span class='ocrx_word' id='word_1_162' title='bbox 156 2175 279 2237; x_wconf 88' lang='lat' dir='ltr'><strong>-mento</strong></span> <span class='ocrx_word' id='word_1_163' title='bbox 302 2175 369 2257; x_wconf 86' lang='lat' dir='ltr'><strong>est,</strong></span> <span class='ocrx_word' id='word_1_164' title='bbox 404 2168 606 2238; x_wconf 86' lang='lat' dir='ltr'><strong>severiorem</strong></span> <span class='ocrx_word' id='word_1_165' title='bbox 626 2168 718 2238; x_wconf 89' lang='lat' dir='ltr'><strong>illam</strong></span> <span class='ocrx_word' id='word_1_166' title='bbox 738 2178 889 2238; x_wconf 83' lang='lat' dir='ltr'><strong>veterum</strong></span> <span class='ocrx_word' id='word_1_167' title='bbox 909 2178 1087 2259; x_wconf 88' lang='lat' dir='ltr'><strong>poetarum</strong></span> <span class='ocrx_word' id='word_1_168' title='bbox 1108 2193 1283 2240; x_wconf 87' lang='lat' dir='ltr'><strong>censuram</strong></span> 
     </span>
    </p>
   </div>
   <div class='ocr_carea' id='block_1_10' title="bbox 159 2269 1284 2473">
    <p class='ocr_par' dir='ltr' id='par_1_10' title="bbox 159 2269 1284 2473">
     <span class='ocr_line' id='line_1_22' title="bbox 159 2269 1283 2366; baseline 0.001 -26"><span class='ocrx_word' id='word_1_169' title='bbox 159 2272 299 2365; x_wconf 25' lang='lat' dir='ltr'><strong>&#39;minime</strong></span> <span class='ocrx_word' id='word_1_170' title='bbox 310 2270 503 2366; x_wconf 82' lang='lat' dir='ltr'><strong>prolectam</strong></span> <span class='ocrx_word' id='word_1_171' title='bbox 518 2292 649 2361; x_wconf 83' lang='lat' dir='ltr'><strong>esseex</strong></span> <span class='ocrx_word' id='word_1_172' title='bbox 665 2272 762 2339; x_wconf 90' lang='lat' dir='ltr'><strong>solita</strong></span> <span class='ocrx_word' id='word_1_173' title='bbox 775 2272 874 2341; x_wconf 89' lang='lat' dir='ltr'><strong>animi</strong></span> <span class='ocrx_word' id='word_1_174' title='bbox 886 2269 1024 2340; x_wconf 87' lang='lat' dir='ltr'><strong>humani</strong></span> <span class='ocrx_word' id='word_1_175' title='bbox 1037 2274 1166 2343; x_wconf 89' lang='lat' dir='ltr'><strong>ratione</strong></span> <span class='ocrx_word' id='word_1_176' title='bbox 1181 2283 1283 2363; x_wconf 86' lang='lat' dir='ltr'><strong>atque</strong></span> 
     </span>
     <span class='ocr_line' id='line_1_23' title="bbox 161 2365 1284 2473; baseline 0.002 -30"><span class='ocrx_word' id='word_1_177' title='bbox 161 2373 298 2467; x_wconf 89' lang='lat' dir='ltr'><strong>indole,</strong></span> <span class='ocrx_word' id='word_1_178' title='bbox 334 2397 402 2466; x_wconf 90' lang='lat' dir='ltr'><strong>qua</strong></span> <span class='ocrx_word' id='word_1_179' title='bbox 421 2375 477 2444; x_wconf 92' lang='lat' dir='ltr'><strong>alii</strong></span> <span class='ocrx_word' id='word_1_180' title='bbox 504 2373 597 2445; x_wconf 88' lang='lat' dir='ltr'><strong>aliud</strong></span> <span class='ocrx_word' id='word_1_181' title='bbox 618 2365 783 2469; x_wconf 83' lang='lat' dir='ltr'><strong>prob&#39;etur</strong></span> <span class='ocrx_word' id='word_1_182' title='bbox 802 2365 872 2446; x_wconf 89' lang='lat' dir='ltr'><strong>aut</strong></span> <span class='ocrx_word' id='word_1_183' title='bbox 888 2373 1098 2469; x_wconf 88' lang='lat' dir='ltr'><strong>improbetm</strong></span> <span class='ocrx_word' id='word_1_184' title='bbox 1123 2377 1182 2473; x_wconf 21' lang='grc'><strong>3),;</strong></span> <span class='ocrx_word' id='word_1_185' title='bbox 1220 2376 1284 2447; x_wconf 90' lang='lat' dir='ltr'><strong>sed</strong></span> 
     </span>
    </p>
   </div>
   <div class='ocr_carea' id='block_1_11' title="bbox 162 2605 1283 2696">
    <p class='ocr_par' dir='ltr' id='par_1_11' title="bbox 162 2605 1283 2696">
     <span class='ocr_line' id='line_1_24' title="bbox 162 2605 1283 2696; baseline 0.001 -34"><span class='ocrx_word' id='word_1_186' title='bbox 162 2607 378 2662; x_wconf 79' lang='lat' dir='ltr'><strong>urbmadictum</strong></span> <span class='ocrx_word' id='word_1_187' title='bbox 394 2606 429 2660; x_wconf 87' lang='lat' dir='ltr'><strong>ab</strong></span> <span class='ocrx_word' id='word_1_188' title='bbox 446 2622 494 2673; x_wconf 84' lang='lat' dir='ltr'><strong>ao,</strong></span> <span class='ocrx_word' id='word_1_189' title='bbox 514 2605 585 2676; x_wconf 84' lang='lat' dir='ltr'><strong>qued</strong></span> <span class='ocrx_word' id='word_1_190' title='bbox 600 2605 709 2680; x_wconf 72' lang='lat' dir='ltr'><strong>elegam</strong></span> <span class='ocrx_word' id='word_1_191' title='bbox 731 2609 772 2667; x_wconf 76' lang='lat' dir='ltr'><strong>et</strong></span> <span class='ocrx_word' id='word_1_192' title='bbox 792 2610 821 2696; x_wconf 74' lang='lat' dir='ltr'><strong>at</strong></span> <span class='ocrx_word' id='word_1_193' title='bbox 843 2605 973 2677; x_wconf 79' lang='lat' dir='ltr'><strong>lepidum.</strong></span> <span class='ocrx_word' id='word_1_194' title='bbox 1006 2606 1205 2680; x_wconf 65' lang='lat' dir='ltr'><strong>&#39;lomelgitm</strong></span> <span class='ocrx_word' id='word_1_195' title='bbox 1226 2607 1283 2663; x_wconf 85' lang='lat' dir='ltr'><strong>lor·</strong></span> 
     </span>
    </p>
   </div>
   <div class='ocr_carea' id='block_1_12' title="bbox 101 2676 573 2747">
    <p class='ocr_par' dir='ltr' id='par_1_12' title="bbox 101 2676 573 2747">
     <span class='ocr_line' id='line_1_25' title="bbox 101 2676 573 2747; baseline -0.004 -13"><span class='ocrx_word' id='word_1_196' title='bbox 101 2740 105 2747; x_wconf 53' lang='grc'>,</span> <span class='ocrx_word' id='word_1_197' title='bbox 163 2682 233 2733; x_wconf 71' lang='lat' dir='ltr'><strong>nne</strong></span> <span class='ocrx_word' id='word_1_198' title='bbox 248 2677 288 2734; x_wconf 83' lang='lat' dir='ltr'><strong>ric</strong></span> <span class='ocrx_word' id='word_1_199' title='bbox 306 2681 347 2733; x_wconf 84' lang='lat' dir='ltr'><strong>cst</strong></span> <span class='ocrx_word' id='word_1_200' title='bbox 363 2676 573 2746; x_wconf 72' lang='lat' dir='ltr'><strong>distingumduar</strong></span> 
     </span>
    </p>
   </div>
   <div class='ocr_carea' id='block_1_13' title="bbox 149 2746 1284 3576">
    <p class='ocr_par' dir='ltr' id='par_1_13' title="bbox 149 2746 1284 3576">
     <span class='ocr_line' id='line_1_26' title="bbox 211 2746 960 2817; baseline 0.001 -17"><span class='ocrx_word' id='word_1_201' title='bbox 211 2771 214 2774; x_wconf 94' lang='lat'><em>·</em></span> <span class='ocrx_word' id='word_1_202' title='bbox 329 2748 386 2816; x_wconf 83' lang='lat' dir='ltr'><strong>„At</strong></span> <span class='ocrx_word' id='word_1_203' title='bbox 402 2746 484 2800; x_wconf 72' lang='lat' dir='ltr'><strong>nonai</strong></span> <span class='ocrx_word' id='word_1_204' title='bbox 496 2747 593 2817; x_wconf 71' lang='lat' dir='ltr'><strong>penard</strong></span> <span class='ocrx_word' id='word_1_205' title='bbox 611 2746 743 2801; x_wconf 63' lang='lat' dir='ltr'><strong>Minoe</strong></span> <span class='ocrx_word' id='word_1_206' title='bbox 759 2751 786 2801; x_wconf 88' lang='lat' dir='ltr'><strong>et</strong></span> <span class='ocrx_word' id='word_1_207' title='bbox 801 2762 920 2802; x_wconf 74' lang='lat' dir='ltr'><strong>onmem</strong></span> <span class='ocrx_word' id='word_1_208' title='bbox 932 2750 960 2801; x_wconf 77' lang='lat' dir='ltr'><strong>ct</strong></span> 
     </span>
     <span class='ocr_line' id='line_1_27' title="bbox 221 2816 1075 2886; baseline 0.005 -22"><span class='ocrx_word' id='word_1_209' title='bbox 221 2858 224 2864; x_wconf 86' lang='lat'>.</span> <span class='ocrx_word' id='word_1_210' title='bbox 330 2816 508 2881; x_wconf 54' lang='lat' dir='ltr'><strong>,damoeta</strong></span> <span class='ocrx_word' id='word_1_211' title='bbox 526 2818 633 2879; x_wconf 55' lang='lat' dir='ltr'><strong>rubrt‘</strong></span> <span class='ocrx_word' id='word_1_212' title='bbox 649 2817 758 2870; x_wconf 63' lang='lat' dir='ltr'><strong>morium</strong></span> <span class='ocrx_word' id='word_1_213' title='bbox 773 2818 906 2886; x_wconf 72' lang='lat' dir='ltr'><strong>potientes</strong></span> <span class='ocrx_word' id='word_1_214' title='bbox 923 2823 1075 2885; x_wconf 76' lang='lat' dir='ltr'><strong>utrumque,</strong></span> 
     </span>
     <span class='ocr_line' id='line_1_28' title="bbox 331 2885 1014 2956; baseline 0 -17"><span class='ocrx_word' id='word_1_215' title='bbox 331 2885 375 2940; x_wconf 85' lang='lat' dir='ltr'><strong>Ne</strong></span> <span class='ocrx_word' id='word_1_216' title='bbox 392 2885 494 2950; x_wconf 59' lang='lat' dir='ltr'><strong>dicum</strong></span> <span class='ocrx_word' id='word_1_217' title='bbox 511 2887 588 2939; x_wconf 71' lang='lat' dir='ltr'><strong>nette</strong></span> <span class='ocrx_word' id='word_1_218' title='bbox 604 2886 710 2954; x_wconf 80' lang='lat' dir='ltr'><strong>mirati,</strong></span> <span class='ocrx_word' id='word_1_219' title='bbox 727 2887 753 2939; x_wconf 80' lang='lat' dir='ltr'><strong>ei</strong></span> <span class='ocrx_word' id='word_1_220' title='bbox 766 2887 843 2939; x_wconf 78' lang='lat' dir='ltr'><strong>trodo</strong></span> <span class='ocrx_word' id='word_1_221' title='bbox 859 2903 909 2956; x_wconf 81' lang='lat' dir='ltr'><strong>ego</strong></span> <span class='ocrx_word' id='word_1_222' title='bbox 927 2894 953 2940; x_wconf 88' lang='lat' dir='ltr'><strong>et</strong></span> <span class='ocrx_word' id='word_1_223' title='bbox 968 2902 1014 2939; x_wconf 84' lang='lat' dir='ltr'><strong>eoa</strong></span> 
     </span>
     <span class='ocr_line' id='line_1_29' title="bbox 176 2955 933 3024; baseline 0 -18"><span class='ocrx_word' id='word_1_224' title='bbox 176 2978 179 2984; x_wconf 56' lang='lat'><em>2</em></span> <span class='ocrx_word' id='word_1_225' title='bbox 330 2955 430 3007; x_wconf 78' lang='lat' dir='ltr'><strong>Scirum</strong></span> <span class='ocrx_word' id='word_1_226' title='bbox 446 2955 602 3007; x_wconf 75' lang='lat' dir='ltr'><strong>inurbanum</strong></span> <span class='ocrx_word' id='word_1_227' title='bbox 618 2956 705 3023; x_wconf 78' lang='lat' dir='ltr'><strong>lepido</strong></span> <span class='ocrx_word' id='word_1_228' title='bbox 719 2972 841 3024; x_wconf 70' lang='lat' dir='ltr'><strong>reponem</strong></span> <span class='ocrx_word' id='word_1_229' title='bbox 857 2956 933 3011; x_wconf 83' lang='lat' dir='ltr'><strong>dicto.</strong></span> 
     </span>
     <span class='ocr_line' id='line_1_30' title="bbox 163 3018 1282 3097; baseline -0.004 -19"><span class='ocrx_word' id='word_1_230' title='bbox 163 3020 220 3078; x_wconf 72' lang='lat' dir='ltr'><strong>not</strong></span> <span class='ocrx_word' id='word_1_231' title='bbox 235 3021 345 3077; x_wconf 75' lang='lat' dir='ltr'><strong>Colicae</strong></span> <span class='ocrx_word' id='word_1_232' title='bbox 360 3023 407 3076; x_wconf 88' lang='lat' dir='ltr'><strong>hic</strong></span> <span class='ocrx_word' id='word_1_233' title='bbox 423 3024 521 3078; x_wconf 81' lang='lat' dir='ltr'><strong>dictum</strong></span> <span class='ocrx_word' id='word_1_234' title='bbox 538 3024 653 3097; x_wconf 79' lang='lat' dir='ltr'><strong>offerunt</strong></span> <span class='ocrx_word' id='word_1_235' title='bbox 677 3040 711 3078; x_wconf 81' lang='lat' dir='ltr'><strong>ox</strong></span> <span class='ocrx_word' id='word_1_236' title='bbox 731 3023 906 3079; x_wconf 72' lang='lat' dir='ltr'><strong>conectiouea</strong></span> <span class='ocrx_word' id='word_1_237' title='bbox 929 3023 969 3077; x_wconf 83' lang='lat' dir='ltr'><strong>ita</strong></span> <span class='ocrx_word' id='word_1_238' title='bbox 990 3018 1072 3076; x_wconf 81' lang='lat' dir='ltr'><strong>Satir.</strong></span> <span class='ocrx_word' id='word_1_239' title='bbox 1088 3021 1122 3076; x_wconf 85' lang='lat'><strong>11.</strong></span> <span class='ocrx_word' id='word_1_240' title='bbox 1146 3019 1174 3073; x_wconf 69' lang='lat'><strong>².</strong></span> <span class='ocrx_word' id='word_1_241' title='bbox 1192 3035 1219 3073; x_wconf 80' lang='lat' dir='ltr'><strong>v.</strong></span> <span class='ocrx_word' id='word_1_242' title='bbox 1236 3018 1282 3074; x_wconf 74' lang='grc'><strong>68.</strong></span> 
     </span>
     <span class='ocr_line' id='line_1_31' title="bbox 149 3090 1284 3161; baseline -0.002 -15"><span class='ocrx_word' id='word_1_243' title='bbox 149 3092 292 3155; x_wconf 54' lang='lat' dir='ltr'><strong>§srdidae</strong></span> <span class='ocrx_word' id='word_1_244' title='bbox 312 3110 331 3146; x_wconf 85' lang='lat' dir='ltr'><strong>u</strong></span> <span class='ocrx_word' id='word_1_245' title='bbox 346 3093 420 3146; x_wconf 70' lang='lat' dir='ltr'><strong>uani</strong></span> <span class='ocrx_word' id='word_1_246' title='bbox 434 3093 506 3147; x_wconf 82' lang='lat' dir='ltr'><strong>victu</strong></span> <span class='ocrx_word' id='word_1_247' title='bbox 521 3110 570 3161; x_wconf 88' lang='lat' dir='ltr'><strong>pro</strong></span> <span class='ocrx_word' id='word_1_248' title='bbox 588 3095 685 3147; x_wconf 71' lang='lat' dir='ltr'><strong>oictuu</strong></span> <span class='ocrx_word' id='word_1_249' title='bbox 710 3097 739 3146; x_wconf 87' lang='lat' dir='ltr'><strong>ut</strong></span> <span class='ocrx_word' id='word_1_250' title='bbox 760 3093 795 3146; x_wconf 83' lang='lat' dir='ltr'><strong>ad</strong></span> <span class='ocrx_word' id='word_1_251' title='bbox 818 3093 846 3146; x_wconf 88' lang='lat' dir='ltr'><strong>b.</strong></span> <span class='ocrx_word' id='word_1_252' title='bbox 871 3092 890 3146; x_wconf 93' lang='lat' dir='ltr'><strong>l.</strong></span> <span class='ocrx_word' id='word_1_253' title='bbox 915 3092 1050 3157; x_wconf 74' lang='lat' dir='ltr'><strong>Benth&#39;us</strong></span> <span class='ocrx_word' id='word_1_254' title='bbox 1072 3097 1099 3143; x_wconf 91' lang='lat' dir='ltr'><strong>ct</strong></span> <span class='ocrx_word' id='word_1_255' title='bbox 1115 3090 1284 3144; x_wconf 81' lang='lat' dir='ltr'><strong>Heindorfius</strong></span> 
     </span>
     <span class='ocr_line' id='line_1_32' title="bbox 157 3159 1283 3234; baseline -0.005 -18"><span class='ocrx_word' id='word_1_256' title='bbox 157 3160 325 3234; x_wconf 73' lang='lat' dir='ltr'><strong>‚docueruut3</strong></span> <span class='ocrx_word' id='word_1_257' title='bbox 349 3162 448 3216; x_wconf 79' lang='lat' dir='ltr'><strong>similer</strong></span> <span class='ocrx_word' id='word_1_258' title='bbox 472 3161 574 3216; x_wconf 72' lang='lat' dir='ltr'><strong>diceuffi</strong></span> <span class='ocrx_word' id='word_1_259' title='bbox 589 3163 690 3216; x_wconf 80' lang='lat' dir='ltr'><strong>former</strong></span> <span class='ocrx_word' id='word_1_260' title='bbox 705 3178 738 3215; x_wconf 87' lang='lat' dir='ltr'><strong>ex</strong></span> <span class='ocrx_word' id='word_1_261' title='bbox 755 3161 865 3215; x_wconf 78' lang='lat' dir='ltr'><strong>Graecia</strong></span> <span class='ocrx_word' id='word_1_262' title='bbox 888 3160 996 3230; x_wconf 73' lang='lat' dir='ltr'><strong>collegit</strong></span> <span class='ocrx_word' id='word_1_263' title='bbox 1010 3160 1155 3214; x_wconf 81' lang='lat' dir='ltr'><strong>Lobeclioa</strong></span> <span class='ocrx_word' id='word_1_264' title='bbox 1179 3160 1214 3211; x_wconf 79' lang='lat' dir='ltr'><strong>ad</strong></span> <span class='ocrx_word' id='word_1_265' title='bbox 1231 3159 1283 3211; x_wconf 85' lang='lat' dir='ltr'><strong>So-</strong></span> 
     </span>
     <span class='ocr_line' id='line_1_33' title="bbox 165 3229 1284 3315; baseline -0.003 -31"><span class='ocrx_word' id='word_1_266' title='bbox 165 3232 268 3315; x_wconf 79' lang='lat' dir='ltr'><strong>phoclis</strong></span> <span class='ocrx_word' id='word_1_267' title='bbox 284 3232 361 3297; x_wconf 78' lang='lat' dir='ltr'><strong>Aine.</strong></span> <span class='ocrx_word' id='word_1_268' title='bbox 378 3249 406 3287; x_wconf 83' lang='lat' dir='ltr'><strong>v.</strong></span> <span class='ocrx_word' id='word_1_269' title='bbox 423 3229 485 3286; x_wconf 78' lang='grc'><strong>216.</strong></span> <span class='ocrx_word' id='word_1_270' title='bbox 503 3250 530 3300; x_wconf 88' lang='lat' dir='ltr'><strong>p.</strong></span> <span class='ocrx_word' id='word_1_271' title='bbox 547 3231 609 3286; x_wconf 83' lang='grc'><strong>261.</strong></span> <span class='ocrx_word' id='word_1_272' title='bbox 642 3231 673 3285; x_wconf 92' lang='lat' dir='ltr'><strong>lu</strong></span> <span class='ocrx_word' id='word_1_273' title='bbox 695 3244 856 3298; x_wconf 82' lang='lat' dir='ltr'><strong>proavorum</strong></span> <span class='ocrx_word' id='word_1_274' title='bbox 878 3229 1002 3295; x_wconf 89' lang='lat' dir='ltr'><strong>illorum,</strong></span> <span class='ocrx_word' id='word_1_275' title='bbox 1033 3229 1079 3298; x_wconf 89' lang='lat' dir='ltr'><strong>qui</strong></span> <span class='ocrx_word' id='word_1_276' title='bbox 1100 3230 1284 3282; x_wconf 85' lang='lat' dir='ltr'><strong>Plautinoruur</strong></span> 
     </span>
     <span class='ocr_line' id='line_1_34' title="bbox 162 3297 1284 3423; baseline -0.001 -69"><span class='ocrx_word' id='word_1_277' title='bbox 162 3317 286 3367; x_wconf 72' lang='lat' dir='ltr'><strong>jocorum</strong></span> <span class='ocrx_word' id='word_1_278' title='bbox 301 3301 476 3356; x_wconf 79' lang='lat' dir='ltr'><strong>urbanitatem</strong></span> <span class='ocrx_word' id='word_1_279' title='bbox 493 3302 646 3364; x_wconf 83' lang='lat' dir='ltr'><strong>laudarunt,</strong></span> <span class='ocrx_word' id='word_1_280' title='bbox 669 3317 810 3353; x_wconf 86' lang='lat' dir='ltr'><strong>numerum</strong></span> <span class='ocrx_word' id='word_1_281' title='bbox 834 3300 928 3353; x_wconf 77' lang='lat' dir='ltr'><strong>reterri</strong></span> <span class='ocrx_word' id='word_1_282' title='bbox 950 3304 1033 3423; x_wconf 73' lang='lat' dir='ltr'><strong>pptert</strong></span> <span class='ocrx_word' id='word_1_283' title='bbox 1049 3299 1129 3419; x_wconf 50' lang='lat'><strong>“¹³95‘&#39;</strong></span> <span class='ocrx_word' id='word_1_284' title='bbox 1137 3297 1284 3419; x_wconf 55' lang='lat' dir='ltr'><strong>1Cicerng.</strong></span> 
     </span>
     <span class='ocr_line' id='line_1_35' title="bbox 976 3385 1284 3422; baseline -0.003 -2"><span class='ocrx_word' id='word_1_285' title='bbox 976 3385 1062 3422; x_wconf 85' lang='lat' dir='ltr'><strong>ererus</strong></span> <span class='ocrx_word' id='word_1_286' title='bbox 1114 3405 1120 3419; x_wconf 90' lang='lat'>.</span> <span class='ocrx_word' id='word_1_287' title='bbox 1151 3401 1158 3414; x_wconf 90' lang='lat'><strong>·</strong></span> <span class='ocrx_word' id='word_1_288' title='bbox 1196 3405 1203 3417; x_wconf 91' lang='lat'>.</span> <span class='ocrx_word' id='word_1_289' title='bbox 1275 3403 1284 3419; x_wconf 90' lang='lat'><strong><em>.</em></strong></span> 
     </span>
     <span class='ocr_line' id='line_1_36' title="bbox 166 3385 1283 3508; baseline -0.005 -14"><span class='ocrx_word' id='word_1_290' title='bbox 166 3439 221 3494; x_wconf 84' lang='lat' dir='ltr'><strong>Sed</strong></span> <span class='ocrx_word' id='word_1_291' title='bbox 235 3439 363 3493; x_wconf 76' lang='lat' dir='ltr'><strong>Horatius</strong></span> <span class='ocrx_word' id='word_1_292' title='bbox 378 3456 498 3494; x_wconf 78' lang='lat' dir='ltr'><strong>onmem</strong></span> <span class='ocrx_word' id='word_1_293' title='bbox 520 3453 623 3508; x_wconf 84' lang='lat' dir='ltr'><strong>quoquc</strong></span> <span class='ocrx_word' id='word_1_294' title='bbox 647 3436 794 3493; x_wconf 68' lang='lat' dir='ltr'><strong>Plautinos</strong></span> <span class='ocrx_word' id='word_1_295' title='bbox 806 3440 904 3506; x_wconf 83' lang='lat' dir='ltr'><strong>carpit,</strong></span> <span class='ocrx_word' id='word_1_296' title='bbox 926 3455 1039 3507; x_wconf 88' lang='lat' dir='ltr'><strong>quornm</strong></span> <span class='ocrx_word' id='word_1_297' title='bbox 1062 3385 1225 3506; x_wconf 72' lang='lat' dir='ltr'><strong>ciddvtiulbv</strong></span> <span class='ocrx_word' id='word_1_298' title='bbox 1247 3437 1283 3488; x_wconf 86' lang='lat' dir='ltr'><strong>ab</strong></span> 
     </span>
     <span class='ocr_line' id='line_1_37' title="bbox 165 3505 1284 3576; baseline -0.005 -14"><span class='ocrx_word' id='word_1_299' title='bbox 165 3508 276 3563; x_wconf 81' lang='lat' dir='ltr'><strong>indoctis</strong></span> <span class='ocrx_word' id='word_1_300' title='bbox 292 3509 391 3576; x_wconf 75' lang='lat' dir='ltr'><strong>puriter</strong></span> <span class='ocrx_word' id='word_1_301' title='bbox 406 3527 437 3563; x_wconf 89' lang='lat' dir='ltr'><strong>uc</strong></span> <span class='ocrx_word' id='word_1_302' title='bbox 454 3507 536 3562; x_wconf 77' lang='lat' dir='ltr'><strong>doctis</strong></span> <span class='ocrx_word' id='word_1_303' title='bbox 549 3505 640 3560; x_wconf 74' lang='lat' dir='ltr'><strong>mutiri</strong></span> <span class='ocrx_word' id='word_1_304' title='bbox 656 3525 733 3576; x_wconf 78' lang='lat' dir='ltr'><strong>posse</strong></span> <span class='ocrx_word' id='word_1_305' title='bbox 747 3524 794 3559; x_wconf 78' lang='lat' dir='ltr'><strong>rr.</strong></span> <span class='ocrx_word' id='word_1_306' title='bbox 834 3509 840 3521; x_wconf 74' lang='lat'><em>⁶</em></span> <span class='ocrx_word' id='word_1_307' title='bbox 864 3509 904 3561; x_wconf 82' lang='lat' dir='ltr'><strong>‘tia</strong></span> <span class='ocrx_word' id='word_1_308' title='bbox 921 3516 947 3560; x_wconf 89' lang='lat' dir='ltr'><strong>et</strong></span> <span class='ocrx_word' id='word_1_309' title='bbox 964 3525 1028 3561; x_wconf 84' lang='lat' dir='ltr'><strong>oure</strong></span> <span class='ocrx_word' id='word_1_310' title='bbox 1044 3508 1128 3560; x_wconf 80' lang='lat' dir='ltr'><strong>laceto</strong></span> <span class='ocrx_word' id='word_1_311' title='bbox 1144 3505 1284 3575; x_wconf 77' lang='lat' dir='ltr'><strong>significat.</strong></span> 
     </span>
    </p>
   </div>
   <div class='ocr_carea' id='block_1_14' title="bbox 146 3574 1285 3648">
    <p class='ocr_par' dir='ltr' id='par_1_14' title="bbox 146 3574 1285 3648">
     <span class='ocr_line' id='line_1_38' title="bbox 146 3574 1285 3648; baseline -0.005 -16"><span class='ocrx_word' id='word_1_312' title='bbox 146 3634 148 3647; x_wconf 65' lang='grc'>,</span> <span class='ocrx_word' id='word_1_313' title='bbox 166 3579 278 3648; x_wconf 80' lang='lat' dir='ltr'><strong>Gopiore</strong></span> <span class='ocrx_word' id='word_1_314' title='bbox 293 3579 322 3631; x_wconf 90' lang='lat' dir='ltr'><strong>b.</strong></span> <span class='ocrx_word' id='word_1_315' title='bbox 339 3580 358 3631; x_wconf 88' lang='grc' dir='ltr'><strong>Ι.</strong></span> <span class='ocrx_word' id='word_1_316' title='bbox 376 3578 520 3633; x_wconf 79' lang='lat' dir='ltr'><strong>illustrarit</strong></span> <span class='ocrx_word' id='word_1_317' title='bbox 535 3575 675 3630; x_wconf 78' lang='lat' dir='ltr'><strong>Suetonius</strong></span> <span class='ocrx_word' id='word_1_318' title='bbox 690 3577 724 3631; x_wconf 83' lang='lat' dir='ltr'><strong>ed</strong></span> <span class='ocrx_word' id='word_1_319' title='bbox 740 3577 891 3631; x_wconf 73' lang='lat' dir='ltr'><strong>&#39;lbrenbnm</strong></span> <span class='ocrx_word' id='word_1_320' title='bbox 915 3577 1003 3633; x_wconf 82' lang='lat' dir='ltr'><strong>Maur.</strong></span> <span class='ocrx_word' id='word_1_321' title='bbox 1025 3592 1052 3628; x_wconf 81' lang='lat' dir='ltr'><strong>v.</strong></span> <span class='ocrx_word' id='word_1_322' title='bbox 1076 3574 1155 3629; x_wconf 78' lang='lat'><strong>1632.</strong></span> <span class='ocrx_word' id='word_1_323' title='bbox 1179 3593 1206 3642; x_wconf 86' lang='lat' dir='ltr'><strong>p.</strong></span> <span class='ocrx_word' id='word_1_324' title='bbox 1223 3575 1285 3627; x_wconf 69' lang='lat' dir='ltr'><strong>lot.</strong></span> 
     </span>
    </p>
   </div>
   <div class='ocr_carea' id='block_1_15' title="bbox 160 3643 1313 4344">
    <p class='ocr_par' dir='ltr' id='par_1_15' title="bbox 160 3643 1313 4124">
     <span class='ocr_line' id='line_1_39' title="bbox 160 3643 1286 3714; baseline -0.004 -11"><span class='ocrx_word' id='word_1_325' title='bbox 160 3649 263 3703; x_wconf 82' lang='lat' dir='ltr'><strong>-l&#39;lanto</strong></span> <span class='ocrx_word' id='word_1_326' title='bbox 278 3665 330 3702; x_wconf 89' lang='lat' dir='ltr'><strong>non</strong></span> <span class='ocrx_word' id='word_1_327' title='bbox 347 3649 486 3702; x_wconf 81' lang='lat' dir='ltr'><strong>doluerunt</strong></span> <span class='ocrx_word' id='word_1_328' title='bbox 502 3645 620 3714; x_wconf 82' lang='lat' dir='ltr'><strong>patroni,</strong></span> <span class='ocrx_word' id='word_1_329' title='bbox 643 3644 691 3713; x_wconf 83' lang='lat' dir='ltr'><strong>qui</strong></span> <span class='ocrx_word' id='word_1_330' title='bbox 714 3661 836 3700; x_wconf 67' lang='lat' dir='ltr'><strong>caurum</strong></span> <span class='ocrx_word' id='word_1_331' title='bbox 858 3646 916 3713; x_wconf 82' lang='lat' dir='ltr'><strong>ejus</strong></span> <span class='ocrx_word' id='word_1_332' title='bbox 938 3652 1028 3700; x_wconf 86' lang='lat' dir='ltr'><strong>contra</strong></span> <span class='ocrx_word' id='word_1_333' title='bbox 1050 3645 1192 3698; x_wconf 84' lang='lat' dir='ltr'><strong>Horatium</strong></span> <span class='ocrx_word' id='word_1_334' title='bbox 1215 3643 1286 3698; x_wconf 87' lang='lat' dir='ltr'><strong>tueri</strong></span> 
     </span>
     <span class='ocr_line' id='line_1_40' title="bbox 165 3713 1313 3784; baseline -0.005 -13"><span class='ocrx_word' id='word_1_335' title='bbox 165 3718 374 3784; x_wconf 84' lang='lat' dir='ltr'><strong>conniterentur,</strong></span> <span class='ocrx_word' id='word_1_336' title='bbox 391 3724 421 3771; x_wconf 87' lang='lat' dir='ltr'><strong>ut</strong></span> <span class='ocrx_word' id='word_1_337' title='bbox 438 3717 554 3782; x_wconf 74' lang='lat' dir='ltr'><strong>Parcus,</strong></span> <span class='ocrx_word' id='word_1_338' title='bbox 580 3717 648 3768; x_wconf 80' lang='lat' dir='ltr'><strong>Dan.</strong></span> <span class='ocrx_word' id='word_1_339' title='bbox 671 3715 798 3769; x_wconf 77' lang='lat' dir='ltr'><strong>Heinsius</strong></span> <span class='ocrx_word' id='word_1_340' title='bbox 814 3722 841 3769; x_wconf 87' lang='lat' dir='ltr'><strong>et</strong></span> <span class='ocrx_word' id='word_1_341' title='bbox 856 3716 893 3769; x_wconf 77' lang='grc'><strong>11</strong></span> <span class='ocrx_word' id='word_1_342' title='bbox 911 3714 1058 3783; x_wconf 83' lang='lat' dir='ltr'><strong>Stephanus</strong></span> <span class='ocrx_word' id='word_1_343' title='bbox 1081 3715 1106 3766; x_wconf 90' lang='lat' dir='ltr'><strong>d.</strong></span> <span class='ocrx_word' id='word_1_344' title='bbox 1123 3713 1212 3766; x_wconf 87' lang='lat' dir='ltr'><strong>Plauti</strong></span> <span class='ocrx_word' id='word_1_345' title='bbox 1227 3713 1286 3766; x_wconf 78' lang='lat' dir='ltr'><strong>ba-</strong></span> <span class='ocrx_word' id='word_1_346' title='bbox 1306 3760 1313 3774; x_wconf 84' lang='grc'><strong><em>,</em></strong></span> 
     </span>
     <span class='ocr_line' id='line_1_41' title="bbox 165 3782 1284 3847; baseline -0.004 -7"><span class='ocrx_word' id='word_1_347' title='bbox 165 3786 275 3842; x_wconf 83' lang='lat' dir='ltr'><strong>tiuitate.</strong></span> <span class='ocrx_word' id='word_1_348' title='bbox 295 3786 379 3840; x_wconf 79' lang='lat' dir='ltr'><strong>Paris.</strong></span> <span class='ocrx_word' id='word_1_349' title='bbox 397 3784 475 3840; x_wconf 75' lang='grc'><strong>1516.</strong></span> <span class='ocrx_word' id='word_1_350' title='bbox 493 3783 608 3847; x_wconf 78' lang='lat' dir='ltr'><strong>Fallitur</strong></span> <span class='ocrx_word' id='word_1_351' title='bbox 624 3789 712 3839; x_wconf 85' lang='lat' dir='ltr'><strong>autem</strong></span> <span class='ocrx_word' id='word_1_352' title='bbox 728 3785 867 3839; x_wconf 75' lang='lat' dir='ltr'><strong>Varamos.</strong></span> <span class='ocrx_word' id='word_1_353' title='bbox 885 3785 912 3839; x_wconf 89' lang='lat' dir='ltr'><strong>d.</strong></span> <span class='ocrx_word' id='word_1_354' title='bbox 928 3785 1041 3838; x_wconf 85' lang='lat' dir='ltr'><strong>dictione</strong></span> <span class='ocrx_word' id='word_1_355' title='bbox 1055 3782 1158 3835; x_wconf 85' lang='lat' dir='ltr'><strong>ludicra</strong></span> <span class='ocrx_word' id='word_1_356' title='bbox 1166 3782 1235 3836; x_wconf 81' lang='lat' dir='ltr'><strong>Sect.</strong></span> <span class='ocrx_word' id='word_1_357' title='bbox 1246 3782 1284 3836; x_wconf 81' lang='lat' dir='ltr'><strong>ll.</strong></span> 
     </span>
     <span class='ocr_line' id='line_1_42' title="bbox 166 3853 1286 3924; baseline -0.005 -14"><span class='ocrx_word' id='word_1_358' title='bbox 166 3853 662 3924; x_wconf 71' lang='lat' dir='ltr'><strong>al.p.1t5.eo.hipr.‚opinatus,</strong></span> <span class='ocrx_word' id='word_1_359' title='bbox 687 3855 829 3910; x_wconf 73' lang='lat' dir='ltr'><strong>Horatium</strong></span> <span class='ocrx_word' id='word_1_360' title='bbox 852 3854 977 3919; x_wconf 80' lang='lat' dir='ltr'><strong>hicnon</strong></span> <span class='ocrx_word' id='word_1_361' title='bbox 1002 3860 1058 3908; x_wconf 82' lang='lat' dir='ltr'><strong>tam</strong></span> <span class='ocrx_word' id='word_1_362' title='bbox 1082 3869 1176 3917; x_wconf 80' lang='lat' dir='ltr'><strong>suurn,</strong></span> <span class='ocrx_word' id='word_1_363' title='bbox 1203 3867 1286 3918; x_wconf 85' lang='lat' dir='ltr'><strong>quam</strong></span> 
     </span>
     <span class='ocr_line' id='line_1_43' title="bbox 165 3921 1286 3993; baseline -0.005 -13"><span class='ocrx_word' id='word_1_364' title='bbox 165 3926 189 3979; x_wconf 87' lang='grc' dir='ltr'><strong>Δ</strong></span> <span class='ocrx_word' id='word_1_365' title='bbox 245 3925 278 3980; x_wconf 85' lang='lat' dir='ltr'><strong>sti</strong></span> <span class='ocrx_word' id='word_1_366' title='bbox 293 3925 424 3991; x_wconf 81' lang='lat' dir='ltr'><strong>totiusque</strong></span> <span class='ocrx_word' id='word_1_367' title='bbox 444 3921 543 3976; x_wconf 74' lang='lat' dir='ltr'><strong>meruli</strong></span> <span class='ocrx_word' id='word_1_368' title='bbox 566 3923 608 3976; x_wconf 84' lang='lat' dir='ltr'><strong>sui</strong></span> <span class='ocrx_word' id='word_1_369' title='bbox 625 3923 756 3988; x_wconf 86' lang='lat' dir='ltr'><strong>judicium</strong></span> <span class='ocrx_word' id='word_1_370' title='bbox 778 3924 976 3993; x_wconf 78' lang='lat' dir='ltr'><strong>exprompsisse.</strong></span> <span class='ocrx_word' id='word_1_371' title='bbox 1022 3921 1115 3974; x_wconf 86' lang='lat' dir='ltr'><strong>Verius</strong></span> <span class='ocrx_word' id='word_1_372' title='bbox 1137 3922 1286 3974; x_wconf 82' lang='lat' dir='ltr'><strong>haedere</strong></span> 
     </span>
     <span class='ocr_line' id='line_1_44' title="bbox 161 3989 1285 4124; baseline -0.003 -76"><span class='ocrx_word' id='word_1_373' title='bbox 161 3993 292 4124; x_wconf 62' lang='lat' dir='ltr'><strong>{olearit</strong></span> <span class='ocrx_word' id='word_1_374' title='bbox 314 3991 459 4063; x_wconf 67' lang='lat' dir='ltr'><strong>Augustius</strong></span> <span class='ocrx_word' id='word_1_375' title='bbox 481 3991 509 4047; x_wconf 87' lang='lat' dir='ltr'><strong>in</strong></span> <span class='ocrx_word' id='word_1_376' title='bbox 532 3991 655 4063; x_wconf 82' lang='lat' dir='ltr'><strong>Rupertii</strong></span> <span class='ocrx_word' id='word_1_377' title='bbox 685 4000 713 4049; x_wconf 89' lang='lat' dir='ltr'><strong>et</strong></span> <span class='ocrx_word' id='word_1_378' title='bbox 739 3992 956 4066; x_wconf 76' lang='lat' dir='ltr'><strong>Sublichtlroretii</strong></span> <span class='ocrx_word' id='word_1_379' title='bbox 980 3991 1161 4046; x_wconf 83' lang='lat' dir='ltr'><strong>commentatt.</strong></span> <span class='ocrx_word' id='word_1_380' title='bbox 1185 3989 1285 4045; x_wconf 86' lang='lat' dir='ltr'><strong>Philol.</strong></span> 
     </span>
    </p>

    <p class='ocr_par' dir='ltr' id='par_1_16' title="bbox 164 4061 1287 4344">
     <span class='ocr_line' id='line_1_45' title="bbox 201 4061 1286 4213; baseline -0.003 -28"><span class='ocrx_word' id='word_1_381' title='bbox 201 4083 269 4202; x_wconf 69' lang='lat' dir='ltr'><strong>ep).</strong></span> <span class='ocrx_word' id='word_1_382' title='bbox 282 4061 421 4186; x_wconf 57' lang='lat' dir='ltr'><strong>ll’iaddlnre</strong></span> <span class='ocrx_word' id='word_1_383' title='bbox 438 4130 531 4187; x_wconf 74' lang='lat' dir='ltr'><strong>Cicero</strong></span> <span class='ocrx_word' id='word_1_384' title='bbox 548 4129 576 4184; x_wconf 88' lang='lat' dir='ltr'><strong>in</strong></span> <span class='ocrx_word' id='word_1_385' title='bbox 592 4131 668 4186; x_wconf 82' lang='lat' dir='ltr'><strong>Orat.</strong></span> <span class='ocrx_word' id='word_1_386' title='bbox 685 4148 709 4185; x_wconf 84' lang='lat' dir='ltr'><strong>c.</strong></span> <span class='ocrx_word' id='word_1_387' title='bbox 725 4131 769 4187; x_wconf 91' lang='lat'><strong>11.</strong></span> <span class='ocrx_word' id='word_1_388' title='bbox 799 4132 879 4198; x_wconf 78' lang='lat' dir='ltr'><strong>„Sed</strong></span> <span class='ocrx_word' id='word_1_389' title='bbox 902 4132 931 4184; x_wconf 82' lang='lat' dir='ltr'><strong>io</strong></span> <span class='ocrx_word' id='word_1_390' title='bbox 953 4131 1023 4186; x_wconf 81' lang='lat' dir='ltr'><strong>omui</strong></span> <span class='ocrx_word' id='word_1_391' title='bbox 1045 4147 1075 4183; x_wconf 82' lang='lat' dir='ltr'><strong>re</strong></span> <span class='ocrx_word' id='word_1_392' title='bbox 1086 4129 1286 4213; x_wconf 36' lang='lat' dir='ltr'><strong>&#39;difficillimpm</strong></span> 
     </span>
     <span class='ocr_line' id='line_1_46' title="bbox 166 4198 1287 4273; baseline -0.004 -16"><span class='ocrx_word' id='word_1_393' title='bbox 166 4205 353 4269; x_wconf 76' lang='lat' dir='ltr'><strong>ert,for¹uuor</strong></span> <span class='ocrx_word' id='word_1_394' title='bbox 369 4201 429 4272; x_wconf 83' lang='lat' dir='ltr'><strong>(qui</strong></span> <span class='ocrx_word' id='word_1_395' title='bbox 445 4221 550 4273; x_wconf 73' lang='grc' dir='ltr'><strong><em>χαρακτ</em></strong></span> <span class='ocrx_word' id='word_1_396' title='bbox 560 4198 586 4271; x_wconf 75' lang='lat' dir='ltr'><strong>&#39;q</strong></span> <span class='ocrx_word' id='word_1_397' title='bbox 605 4203 705 4255; x_wconf 66' lang='lat' dir='ltr'><strong>&amp;cece</strong></span> <span class='ocrx_word' id='word_1_398' title='bbox 722 4201 842 4270; x_wconf 75' lang='lat' dir='ltr'><strong>dieitur),</strong></span> <span class='ocrx_word' id='word_1_399' title='bbox 860 4218 985 4270; x_wconf 76' lang='lat' dir='ltr'><strong>exponere</strong></span> <span class='ocrx_word' id='word_1_400' title='bbox 1001 4202 1107 4270; x_wconf 72' lang='lat' dir='ltr'><strong>optimu</strong></span> <span class='ocrx_word' id='word_1_401' title='bbox 1125 4201 1194 4269; x_wconf 89' lang='lat' dir='ltr'><strong>quod</strong></span> <span class='ocrx_word' id='word_1_402' title='bbox 1211 4199 1287 4252; x_wconf 83' lang='lat' dir='ltr'><strong>ubud</strong></span> 
     </span>
     <span class='ocr_line' id='line_1_47' title="bbox 164 4269 1287 4344; baseline -0.008 -13"><span class='ocrx_word' id='word_1_403' title='bbox 164 4272 228 4331; x_wconf 69' lang='lat' dir='ltr'><strong>olii·</strong></span> <span class='ocrx_word' id='word_1_404' title='bbox 243 4270 348 4327; x_wconf 59' lang='lat' dir='ltr'><strong>vidtur</strong></span> <span class='ocrx_word' id='word_1_405' title='bbox 362 4272 497 4343; x_wconf 55' lang='lat' dir='ltr'><strong>opssmum.</strong></span> <span class='ocrx_word' id='word_1_406' title='bbox 581 4336 584 4340; x_wconf 27' lang='lat'>¹</span> <span class='ocrx_word' id='word_1_407' title='bbox 603 4271 610 4286; x_wconf 84' lang='lat'><em>⁰</em></span> <span class='ocrx_word' id='word_1_408' title='bbox 638 4272 769 4337; x_wconf 71' lang='lat' dir='ltr'><strong>delector,</strong></span> <span class='ocrx_word' id='word_1_409' title='bbox 789 4272 831 4326; x_wconf 82' lang='lat' dir='ltr'><strong>uit</strong></span> <span class='ocrx_word' id='word_1_410' title='bbox 846 4272 992 4344; x_wconf 69' lang='lat' dir='ltr'><strong>quispiam,</strong></span> <span class='ocrx_word' id='word_1_411' title='bbox 1014 4269 1084 4340; x_wconf 82' lang='lat' dir='ltr'><strong>qood</strong></span> <span class='ocrx_word' id='word_1_412' title='bbox 1106 4287 1159 4323; x_wconf 82' lang='lat' dir='ltr'><strong>noo</strong></span> <span class='ocrx_word' id='word_1_413' title='bbox 1175 4269 1287 4323; x_wconf 59' lang='lat' dir='ltr'><strong>&amp;aedit</strong></span> 
     </span>
    </p>
   </div>
   <div class='ocr_carea' id='block_1_16' title="bbox 0 0 1392 4838">
    <p class='ocr_par' dir='ltr' id='par_1_17' title="bbox 0 0 1392 4838">
     <span class='ocr_line' id='line_1_48' title="bbox 0 0 1392 4838; baseline 0 0"><span class='ocrx_word' id='word_1_414' title='bbox 0 0 1392 4838; x_wconf 95' lang='lat' dir='ltr'><strong> </strong></span> 
     </span>
    </p>
   </div>
  </div>
 </body>
</html>
