<?xml version="1.0" encoding="UTF-8"?>
<!DOCTYPE html PUBLIC "-//W3C//DTD XHTML 1.0 Transitional//EN"
    "http://www.w3.org/TR/xhtml1/DTD/xhtml1-transitional.dtd">
<html xmlns="http://www.w3.org/1999/xhtml" xml:lang="en" lang="en">
 <head>
  <title>
</title>
<meta http-equiv="Content-Type" content="text/html;charset=utf-8" />
  <meta name='ocr-system' content='tesseract 3.04.00' />
  <meta name='ocr-capabilities' content='ocr_page ocr_carea ocr_par ocr_line ocrx_word'/>
</head>
<body>
  <div class='ocr_page' id='page_1' title='image "./poetarumlatinor01weicgoog_0092.png"; bbox 0 0 2768 4838; ppageno 0'>
   <div class='ocr_carea' id='block_1_1' title="bbox 426 272 1251 349">
    <p class='ocr_par' dir='ltr' id='par_1_1' title="bbox 426 272 1251 349">
     <span class='ocr_line' id='line_1_1' title="bbox 426 272 1251 349; baseline 0.004 -4"><span class='ocrx_word' id='word_1_1' title='bbox 426 293 482 345; x_wconf 85' lang='lat' dir='ltr'><strong>nn</strong></span> <span class='ocrx_word' id='word_1_2' title='bbox 524 294 727 344; x_wconf 80' lang='lat' dir='ltr'><strong>nnnvro</strong></span> <span class='ocrx_word' id='word_1_3' title='bbox 766 294 958 345; x_wconf 79' lang='lat' dir='ltr'><strong>ronna.</strong></span> <span class='ocrx_word' id='word_1_4' title='bbox 1197 272 1251 349; x_wconf 73' lang='grc'><strong>-15</strong></span> 
     </span>
    </p>
   </div>
   <div class='ocr_carea' id='block_1_2' title="bbox 124 449 1341 4354">
    <p class='ocr_par' dir='ltr' id='par_1_2' title="bbox 124 449 1341 3322">
     <span class='ocr_line' id='line_1_2' title="bbox 125 449 1254 543; baseline 0.002 -22"><span class='ocrx_word' id='word_1_5' title='bbox 125 449 267 521; x_wconf 81' lang='lat' dir='ltr'><strong>videtur.</strong></span> <span class='ocrx_word' id='word_1_6' title='bbox 316 449 408 522; x_wconf 87' lang='lat' dir='ltr'><strong>Nam</strong></span> <span class='ocrx_word' id='word_1_7' title='bbox 427 450 556 520; x_wconf 78' lang='lat' dir='ltr'><strong>etiamsi</strong></span> <span class='ocrx_word' id='word_1_8' title='bbox 578 449 623 521; x_wconf 82' lang='lat' dir='ltr'><strong>G.</strong></span> <span class='ocrx_word' id='word_1_9' title='bbox 637 450 810 521; x_wconf 74' lang='lat' dir='ltr'><strong>lvossius</strong></span> <span class='ocrx_word' id='word_1_10' title='bbox 827 473 895 520; x_wconf 92' lang='lat' dir='ltr'><strong>non</strong></span> <span class='ocrx_word' id='word_1_11' title='bbox 911 449 1125 543; x_wconf 84' lang='lat' dir='ltr'><strong>persuadeat,</strong></span> <span class='ocrx_word' id='word_1_12' title='bbox 1152 451 1254 523; x_wconf 87' lang='lat' dir='ltr'><strong>istum</strong></span> 
     </span>
     <span class='ocr_line' id='line_1_3' title="bbox 124 554 1255 647; baseline -0.001 -21"><span class='ocrx_word' id='word_1_13' title='bbox 124 556 328 628; x_wconf 67' lang='lat' dir='ltr'><strong>sonantem</strong></span> <span class='ocrx_word' id='word_1_14' title='bbox 350 555 593 647; x_wconf 86' lang='lat' dir='ltr'><strong>depromptum</strong></span> <span class='ocrx_word' id='word_1_15' title='bbox 613 577 686 623; x_wconf 86' lang='lat' dir='ltr'><strong>esse</strong></span> <span class='ocrx_word' id='word_1_16' title='bbox 708 555 763 623; x_wconf 81' lang='lat' dir='ltr'><strong>vel</strong></span> <span class='ocrx_word' id='word_1_17' title='bbox 785 577 828 623; x_wconf 88' lang='lat' dir='ltr'><strong>ex</strong></span> <span class='ocrx_word' id='word_1_18' title='bbox 848 554 985 624; x_wconf 84' lang='lat' dir='ltr'><strong>fabulae</strong></span> <span class='ocrx_word' id='word_1_19' title='bbox 1004 556 1061 623; x_wconf 81' lang='lat' dir='ltr'><strong>vel</strong></span> <span class='ocrx_word' id='word_1_20' title='bbox 1080 576 1123 627; x_wconf 86' lang='lat' dir='ltr'><strong>ex</strong></span> <span class='ocrx_word' id='word_1_21' title='bbox 1137 554 1255 647; x_wconf 79' lang='lat' dir='ltr'><strong>cnjus·</strong></span> 
     </span>
     <span class='ocr_line' id='line_1_4' title="bbox 125 657 1255 751; baseline 0.003 -23"><span class='ocrx_word' id='word_1_22' title='bbox 125 660 174 728; x_wconf 82' lang='lat' dir='ltr'><strong>vis</strong></span> <span class='ocrx_word' id='word_1_23' title='bbox 203 658 318 750; x_wconf 88' lang='lat' dir='ltr'><strong>operis</strong></span> <span class='ocrx_word' id='word_1_24' title='bbox 343 657 571 751; x_wconf 73' lang='lat' dir='ltr'><strong>praefatione,</strong></span> <span class='ocrx_word' id='word_1_25' title='bbox 602 658 637 727; x_wconf 94' lang='lat' dir='ltr'><strong>in</strong></span> <span class='ocrx_word' id='word_1_26' title='bbox 670 680 738 749; x_wconf 89' lang='lat' dir='ltr'><strong>qua</strong></span> <span class='ocrx_word' id='word_1_27' title='bbox 762 657 905 750; x_wconf 83' lang='lat' dir='ltr'><strong>scriptor</strong></span> <span class='ocrx_word' id='word_1_28' title='bbox 930 680 968 727; x_wconf 83' lang='lat' dir='ltr'><strong>se</strong></span> <span class='ocrx_word' id='word_1_29' title='bbox 991 658 1085 750; x_wconf 87' lang='lat' dir='ltr'><strong>apud</strong></span> <span class='ocrx_word' id='word_1_30' title='bbox 1108 657 1255 731; x_wconf 77' lang='lat' dir='ltr'><strong>lectores</strong></span> 
     </span>
     <span class='ocr_line' id='line_1_5' title="bbox 126 759 1256 854; baseline -0.001 -24"><span class='ocrx_word' id='word_1_31' title='bbox 126 762 171 830; x_wconf 89' lang='lat' dir='ltr'><strong>de</strong></span> <span class='ocrx_word' id='word_1_32' title='bbox 185 759 338 829; x_wconf 79' lang='lat' dir='ltr'><strong>&#39;dictione</strong></span> <span class='ocrx_word' id='word_1_33' title='bbox 362 771 537 854; x_wconf 77' lang='lat' dir='ltr'><strong>purgaret,</strong></span> <span class='ocrx_word' id='word_1_34' title='bbox 563 768 597 829; x_wconf 87' lang='lat' dir='ltr'><strong>et</strong></span> <span class='ocrx_word' id='word_1_35' title='bbox 623 760 752 830; x_wconf 88' lang='lat' dir='ltr'><strong>etiamsi</strong></span> <span class='ocrx_word' id='word_1_36' title='bbox 772 760 913 830; x_wconf 84' lang='lat' dir='ltr'><strong>fortasse</strong></span> <span class='ocrx_word' id='word_1_37' title='bbox 934 770 1080 829; x_wconf 85' lang='lat' dir='ltr'><strong>statuere</strong></span> <span class='ocrx_word' id='word_1_38' title='bbox 1096 770 1256 852; x_wconf 85' lang='lat' dir='ltr'><strong>praestet,</strong></span> 
     </span>
     <span class='ocr_line' id='line_1_6' title="bbox 125 862 1257 958; baseline 0.001 -26"><span class='ocrx_word' id='word_1_39' title='bbox 125 866 261 958; x_wconf 79' lang='lat' dir='ltr'><strong>poetam</strong></span> <span class='ocrx_word' id='word_1_40' title='bbox 280 864 394 957; x_wconf 89' lang='lat' dir='ltr'><strong>ipsum</strong></span> <span class='ocrx_word' id='word_1_41' title='bbox 418 862 632 957; x_wconf 72' lang='lat' dir='ltr'><strong>inzlegendis</strong></span> <span class='ocrx_word' id='word_1_42' title='bbox 656 865 799 933; x_wconf 88' lang='lat' dir='ltr'><strong>aliorum</strong></span> <span class='ocrx_word' id='word_1_43' title='bbox 824 864 955 956; x_wconf 79' lang='lat' dir='ltr'><strong>scriptis</strong></span> <span class='ocrx_word' id='word_1_44' title='bbox 981 864 1101 932; x_wconf 88' lang='lat' dir='ltr'><strong>scabra</strong></span> <span class='ocrx_word' id='word_1_45' title='bbox 1113 874 1150 931; x_wconf 89' lang='lat' dir='ltr'><strong>et</strong></span> <span class='ocrx_word' id='word_1_46' title='bbox 1163 864 1257 933; x_wconf 84' lang='lat' dir='ltr'><strong>redi·</strong></span> 
     </span>
     <span class='ocr_line' id='line_1_7' title="bbox 125 966 1257 1056; baseline 0.004 -20"><span class='ocrx_word' id='word_1_47' title='bbox 125 969 220 1036; x_wconf 81' lang='lat' dir='ltr'><strong>uiosa</strong></span> <span class='ocrx_word' id='word_1_48' title='bbox 244 966 427 1035; x_wconf 85' lang='lat' dir='ltr'><strong>offendisse</strong></span> <span class='ocrx_word' id='word_1_49' title='bbox 453 988 562 1056; x_wconf 86' lang='lat' dir='ltr'><strong>eaque</strong></span> <span class='ocrx_word' id='word_1_50' title='bbox 587 976 740 1055; x_wconf 87' lang='lat' dir='ltr'><strong>notasse,</strong></span> <span class='ocrx_word' id='word_1_51' title='bbox 765 966 803 1035; x_wconf 90' lang='lat' dir='ltr'><strong>id</strong></span> <span class='ocrx_word' id='word_1_52' title='bbox 826 976 941 1035; x_wconf 87' lang='lat' dir='ltr'><strong>tamen</strong></span> <span class='ocrx_word' id='word_1_53' title='bbox 965 967 1124 1053; x_wconf 77' lang='lat' dir='ltr'><strong>utramvis</strong></span> <span class='ocrx_word' id='word_1_54' title='bbox 1149 967 1257 1039; x_wconf 79' lang='lat' dir='ltr'><strong>secuti</strong></span> 
     </span>
     <span class='ocr_line' id='line_1_8' title="bbox 127 1068 1325 1157; baseline -0.002 -18"><span class='ocrx_word' id='word_1_55' title='bbox 127 1071 324 1140; x_wconf 87' lang='lat' dir='ltr'><strong>sententiam</strong></span> <span class='ocrx_word' id='word_1_56' title='bbox 356 1070 582 1138; x_wconf 86' lang='lat' dir='ltr'><strong>concedamus</strong></span> <span class='ocrx_word' id='word_1_57' title='bbox 613 1092 750 1139; x_wconf 83' lang='lat' dir='ltr'><strong>necesse</strong></span> <span class='ocrx_word' id='word_1_58' title='bbox 787 1078 855 1157; x_wconf 83' lang='lat' dir='ltr'><strong>est,</strong></span> <span class='ocrx_word' id='word_1_59' title='bbox 896 1092 1087 1139; x_wconf 88' lang='lat' dir='ltr'><strong>sermonem</strong></span> <span class='ocrx_word' id='word_1_60' title='bbox 1119 1068 1188 1137; x_wconf 86' lang='lat' dir='ltr'><strong>hoc</strong></span> <span class='ocrx_word' id='word_1_61' title='bbox 1220 1070 1259 1147; x_wconf 72' lang='lat' dir='ltr'><strong>is</strong></span> <span class='ocrx_word' id='word_1_62' title='bbox 1321 1096 1325 1115; x_wconf 88' lang='grc'><strong><em>·</em></strong></span> 
     </span>
     <span class='ocr_line' id='line_1_9' title="bbox 125 1171 1259 1264; baseline 0.001 -22"><span class='ocrx_word' id='word_1_63' title='bbox 125 1194 225 1243; x_wconf 82' lang='lat' dir='ltr'><strong>versu</strong></span> <span class='ocrx_word' id='word_1_64' title='bbox 260 1196 333 1241; x_wconf 88' lang='lat' dir='ltr'><strong>esse</strong></span> <span class='ocrx_word' id='word_1_65' title='bbox 362 1173 406 1240; x_wconf 89' lang='lat' dir='ltr'><strong>de</strong></span> <span class='ocrx_word' id='word_1_66' title='bbox 432 1195 572 1264; x_wconf 83' lang='lat' dir='ltr'><strong>opere,¹</strong></span> <span class='ocrx_word' id='word_1_67' title='bbox 588 1172 623 1240; x_wconf 91' lang='lat' dir='ltr'><strong>in</strong></span> <span class='ocrx_word' id='word_1_68' title='bbox 649 1196 717 1264; x_wconf 92' lang='lat' dir='ltr'><strong>quo</strong></span> <span class='ocrx_word' id='word_1_69' title='bbox 743 1171 837 1264; x_wconf 81' lang='lat' dir='ltr'><strong>justa</strong></span> <span class='ocrx_word' id='word_1_70' title='bbox 867 1173 1051 1241; x_wconf 81' lang='lat' dir='ltr'><strong>verborum</strong></span> <span class='ocrx_word' id='word_1_71' title='bbox 1076 1172 1196 1241; x_wconf 78' lang='lat' dir='ltr'><strong>electio</strong></span> <span class='ocrx_word' id='word_1_72' title='bbox 1221 1181 1259 1243; x_wconf 78' lang='grc' dir='ltr'><strong>ιι</strong></span> 
     </span>
     <span class='ocr_line' id='line_1_10' title="bbox 127 1275 1257 1368; baseline 0.001 -24"><span class='ocrx_word' id='word_1_73' title='bbox 127 1276 345 1361; x_wconf 74' lang='lat' dir='ltr'><strong>constructio,</strong></span> <span class='ocrx_word' id='word_1_74' title='bbox 370 1276 541 1368; x_wconf 85' lang='lat' dir='ltr'><strong>principes</strong></span> <span class='ocrx_word' id='word_1_75' title='bbox 562 1275 638 1344; x_wconf 90' lang='lat' dir='ltr'><strong>illae</strong></span> <span class='ocrx_word' id='word_1_76' title='bbox 659 1276 853 1345; x_wconf 80' lang='lat' dir='ltr'><strong>elocutionis</strong></span> <span class='ocrx_word' id='word_1_77' title='bbox 877 1275 1033 1367; x_wconf 72' lang='lat' dir='ltr'><strong>rinntes&#39;,</strong></span> <span class='ocrx_word' id='word_1_78' title='bbox 1060 1275 1257 1345; x_wconf 69' lang='lat' dir='ltr'><strong>desiderem</strong></span> 
     </span>
     <span class='ocr_line' id='line_1_11' title="bbox 125 1378 1258 1471; baseline -0.001 -23"><span class='ocrx_word' id='word_1_79' title='bbox 125 1388 190 1448; x_wconf 89' lang='lat' dir='ltr'><strong>tur.</strong></span> <span class='ocrx_word' id='word_1_80' title='bbox 223 1381 314 1447; x_wconf 90' lang='lat' dir='ltr'><strong>Nam</strong></span> <span class='ocrx_word' id='word_1_81' title='bbox 326 1379 413 1446; x_wconf 84' lang='lat' dir='ltr'><strong>sicut</strong></span> <span class='ocrx_word' id='word_1_82' title='bbox 428 1378 535 1447; x_wconf 90' lang='lat' dir='ltr'><strong>oratio</strong></span> <span class='ocrx_word' id='word_1_83' title='bbox 549 1380 731 1448; x_wconf 82' lang='lat' dir='ltr'><strong>verborum</strong></span> <span class='ocrx_word' id='word_1_84' title='bbox 745 1378 955 1471; x_wconf 82' lang='lat' dir='ltr'><strong>abjectorum</strong></span> <span class='ocrx_word' id='word_1_85' title='bbox 976 1384 1011 1447; x_wconf 83' lang='lat' dir='ltr'><strong>et</strong></span> <span class='ocrx_word' id='word_1_86' title='bbox 1027 1378 1258 1447; x_wconf 77' lang='lat' dir='ltr'><strong>obsoletorun</strong></span> 
     </span>
     <span class='ocr_line' id='line_1_12' title="bbox 125 1479 1258 1572; baseline 0.001 -22"><span class='ocrx_word' id='word_1_87' title='bbox 125 1503 189 1550; x_wconf 86' lang='grc' dir='ltr'>(ιιι</span> <span class='ocrx_word' id='word_1_88' title='bbox 206 1489 381 1571; x_wconf 78' lang='lat' dir='ltr'><strong>tamquam</strong></span> <span class='ocrx_word' id='word_1_89' title='bbox 400 1480 560 1550; x_wconf 62' lang='lat' dir='ltr'><strong>‘sordibus</strong></span> <span class='ocrx_word' id='word_1_90' title='bbox 584 1484 620 1551; x_wconf 80' lang='lat' dir='ltr'><strong>ist</strong></span> <span class='ocrx_word' id='word_1_91' title='bbox 638 1482 750 1550; x_wconf 82' lang='lat' dir='ltr'><strong>illuvie</strong></span> <span class='ocrx_word' id='word_1_92' title='bbox 771 1481 971 1572; x_wconf 80' lang='lat' dir='ltr'><strong>inquinatur,</strong></span> <span class='ocrx_word' id='word_1_93' title='bbox 996 1488 1032 1550; x_wconf 82' lang='lat' dir='ltr'><strong>et</strong></span> <span class='ocrx_word' id='word_1_94' title='bbox 1052 1479 1258 1551; x_wconf 68' lang='lat' dir='ltr'><strong>scabritiem</strong></span> 
     </span>
     <span class='ocr_line' id='line_1_13' title="bbox 125 1583 1256 1677; baseline -0.001 -23"><span class='ocrx_word' id='word_1_95' title='bbox 125 1583 245 1672; x_wconf 84' lang='lat' dir='ltr'><strong>trahit,</strong></span> <span class='ocrx_word' id='word_1_96' title='bbox 270 1584 320 1651; x_wconf 88' lang='lat' dir='ltr'><strong>ita·</strong></span> <span class='ocrx_word' id='word_1_97' title='bbox 334 1584 564 1655; x_wconf 68' lang='lat' dir='ltr'><strong>colluvionum</strong></span> <span class='ocrx_word' id='word_1_98' title='bbox 584 1584 651 1653; x_wconf 88' lang='lat' dir='ltr'><strong>dici</strong></span> <span class='ocrx_word' id='word_1_99' title='bbox 666 1594 752 1677; x_wconf 90' lang='lat' dir='ltr'><strong>puto</strong></span> <span class='ocrx_word' id='word_1_100' title='bbox 769 1584 971 1672; x_wconf 83' lang='lat' dir='ltr'><strong>orationem,</strong></span> <span class='ocrx_word' id='word_1_101' title='bbox 998 1583 1054 1652; x_wconf 86' lang='lat' dir='ltr'><strong>cui</strong></span> <span class='ocrx_word' id='word_1_102' title='bbox 1072 1583 1158 1653; x_wconf 81' lang='lat' dir='ltr'><strong>desit</strong></span> <span class='ocrx_word' id='word_1_103' title='bbox 1171 1606 1256 1653; x_wconf 79' lang='lat' dir='ltr'><strong>con-</strong></span> 
     </span>
     <span class='ocr_line' id='line_1_14' title="bbox 127 1687 1256 1779; baseline -0.001 -23"><span class='ocrx_word' id='word_1_104' title='bbox 127 1687 224 1756; x_wconf 84' lang='lat' dir='ltr'><strong>cinna</strong></span> <span class='ocrx_word' id='word_1_105' title='bbox 245 1687 428 1756; x_wconf 80' lang='lat' dir='ltr'><strong>verborum</strong></span> <span class='ocrx_word' id='word_1_106' title='bbox 455 1688 709 1767; x_wconf 68' lang='lat' dir='ltr'><strong>lectissimorum</strong></span> <span class='ocrx_word' id='word_1_107' title='bbox 730 1688 949 1779; x_wconf 84' lang='lat' dir='ltr'><strong>compositio,</strong></span> <span class='ocrx_word' id='word_1_108' title='bbox 983 1710 1024 1755; x_wconf 85' lang='lat' dir='ltr'><strong>ac</strong></span> <span class='ocrx_word' id='word_1_109' title='bbox 1046 1687 1129 1755; x_wconf 92' lang='lat' dir='ltr'><strong>lenis</strong></span> <span class='ocrx_word' id='word_1_110' title='bbox 1153 1696 1256 1777; x_wconf 85' lang='lat' dir='ltr'><strong>atque</strong></span> 
     </span>
     <span class='ocr_line' id='line_1_15' title="bbox 127 1790 1255 1889; baseline 0.003 -31"><span class='ocrx_word' id='word_1_111' title='bbox 127 1790 311 1880; x_wconf 83' lang='lat' dir='ltr'><strong>aequabilis</strong></span> <span class='ocrx_word' id='word_1_112' title='bbox 332 1800 473 1880; x_wconf 83' lang='lat' dir='ltr'><strong>tractus,</strong></span> <span class='ocrx_word' id='word_1_113' title='bbox 500 1813 569 1881; x_wconf 93' lang='lat' dir='ltr'><strong>quo</strong></span> <span class='ocrx_word' id='word_1_114' title='bbox 591 1800 743 1877; x_wconf 86' lang='lat' dir='ltr'><strong>cavetur,</strong></span> <span class='ocrx_word' id='word_1_115' title='bbox 768 1814 813 1859; x_wconf 89' lang='lat' dir='ltr'><strong>ne</strong></span> <span class='ocrx_word' id='word_1_116' title='bbox 829 1790 932 1879; x_wconf 90' lang='lat' dir='ltr'><strong>quid</strong></span> <span class='ocrx_word' id='word_1_117' title='bbox 923 1790 1000 1859; x_wconf 79' lang='lat' dir='ltr'><strong>insit</strong></span> <span class='ocrx_word' id='word_1_118' title='bbox 1019 1790 1131 1889; x_wconf 83' lang='lat' dir='ltr'><strong>asperi</strong></span> <span class='ocrx_word' id='word_1_119' title='bbox 1153 1800 1255 1879; x_wconf 80' lang='lat' dir='ltr'><strong>atquo</strong></span> 
     </span>
     <span class='ocr_line' id='line_1_16' title="bbox 126 1891 1341 1985; baseline -0.001 -21"><span class='ocrx_word' id='word_1_120' title='bbox 126 1891 246 1980; x_wconf 86' lang='lat' dir='ltr'><strong>hiulci,</strong></span> <span class='ocrx_word' id='word_1_121' title='bbox 279 1893 349 1962; x_wconf 86' lang='lat' dir='ltr'><strong>sed</strong></span> <span class='ocrx_word' id='word_1_122' title='bbox 368 1903 442 1961; x_wconf 85' lang='lat' dir='ltr'><strong>tota</strong></span> <span class='ocrx_word' id='word_1_123' title='bbox 470 1892 627 1969; x_wconf 82' lang='lat' dir='ltr'><strong>orationis</strong></span> <span class='ocrx_word' id='word_1_124' title='bbox 660 1894 770 1961; x_wconf 78' lang='lat' dir='ltr'><strong>forma</strong></span> <span class='ocrx_word' id='word_1_125' title='bbox 796 1894 972 1985; x_wconf 81' lang='lat' dir='ltr'><strong>laevigata</strong></span> <span class='ocrx_word' id='word_1_126' title='bbox 988 1893 1047 1980; x_wconf 85' lang='lat' dir='ltr'><strong>sit,</strong></span> <span class='ocrx_word' id='word_1_127' title='bbox 1080 1902 1196 1962; x_wconf 78' lang='grc' dir='ltr'>ιιιοιι</span> <span class='ocrx_word' id='word_1_128' title='bbox 1220 1900 1256 1963; x_wconf 83' lang='lat' dir='ltr'><strong>et</strong></span> <span class='ocrx_word' id='word_1_129' title='bbox 1335 1962 1341 1973; x_wconf 89' lang='grc'>,</span> 
     </span>
     <span class='ocr_line' id='line_1_17' title="bbox 126 1994 1254 2088; baseline 0.003 -24"><span class='ocrx_word' id='word_1_130' title='bbox 126 1994 229 2065; x_wconf 82' lang='lat' dir='ltr'><strong>&#39;veluti</strong></span> <span class='ocrx_word' id='word_1_131' title='bbox 257 1997 303 2064; x_wconf 84' lang='lat' dir='ltr'><strong>ad</strong></span> <span class='ocrx_word' id='word_1_132' title='bbox 327 2018 477 2088; x_wconf 77' lang='lat' dir='ltr'><strong>unguem</strong></span> <span class='ocrx_word' id='word_1_133' title='bbox 501 1996 602 2064; x_wconf 80' lang='lat' dir='ltr'><strong>facta.-</strong></span> <span class='ocrx_word' id='word_1_134' title='bbox 654 1995 713 2067; x_wconf 67' lang='lat' dir='ltr'><strong>Gt</strong></span> <span class='ocrx_word' id='word_1_135' title='bbox 734 1996 829 2064; x_wconf 89' lang='lat' dir='ltr'><strong>deh.</strong></span> <span class='ocrx_word' id='word_1_136' title='bbox 842 2019 874 2066; x_wconf 82' lang='lat' dir='ltr'><strong>r.</strong></span> <span class='ocrx_word' id='word_1_137' title='bbox 889 1997 1071 2065; x_wconf 73' lang='lat' dir='ltr'><strong>Salmasius</strong></span> <span class='ocrx_word' id='word_1_138' title='bbox 1091 1996 1136 2065; x_wconf 87' lang='lat' dir='ltr'><strong>ad</strong></span> <span class='ocrx_word' id='word_1_139' title='bbox 1149 1996 1254 2067; x_wconf 85' lang='lat' dir='ltr'><strong>Soliu.</strong></span> 
     </span>
     <span class='ocr_line' id='line_1_18' title="bbox 128 2088 1261 2191; baseline 0.001 -25"><span class='ocrx_word' id='word_1_140' title='bbox 128 2123 158 2169; x_wconf 90' lang='lat' dir='ltr'><strong>c.</strong></span> <span class='ocrx_word' id='word_1_141' title='bbox 179 2098 239 2166; x_wconf 73' lang='grc'><strong>32.</strong></span> <span class='ocrx_word' id='word_1_142' title='bbox 265 2121 302 2190; x_wconf 84' lang='lat' dir='ltr'><strong>p.</strong></span> <span class='ocrx_word' id='word_1_143' title='bbox 323 2098 410 2167; x_wconf 78' lang='lat' dir='ltr'><strong>olo.</strong></span> <span class='ocrx_word' id='word_1_144' title='bbox 461 2100 558 2168; x_wconf 89' lang='lat' dir='ltr'><strong>Haec</strong></span> <span class='ocrx_word' id='word_1_145' title='bbox 588 2098 704 2191; x_wconf 74' lang='lat' dir='ltr'><strong>igitur</strong></span> <span class='ocrx_word' id='word_1_146' title='bbox 717 2099 876 2168; x_wconf 86' lang='lat' dir='ltr'><strong>dictionis.</strong></span> <span class='ocrx_word' id='word_1_147' title='bbox 898 2100 978 2167; x_wconf 86' lang='lat' dir='ltr'><strong>vitia</strong></span> <span class='ocrx_word' id='word_1_148' title='bbox 1005 2099 1134 2168; x_wconf 82' lang='lat' dir='ltr'><strong>hocin</strong></span> <span class='ocrx_word' id='word_1_149' title='bbox 1156 2088 1261 2167; x_wconf 73' lang='lat' dir='ltr'><strong>varst¹</strong></span> 
     </span>
     <span class='ocr_line' id='line_1_19' title="bbox 127 2182 1256 2293; baseline 0 -22"><span class='ocrx_word' id='word_1_150' title='bbox 127 2211 283 2271; x_wconf 83' lang='lat' dir='ltr'><strong>notantur</strong></span> <span class='ocrx_word' id='word_1_151' title='bbox 305 2212 341 2270; x_wconf 89' lang='grc' dir='ltr'><strong>ιιι</strong></span> <span class='ocrx_word' id='word_1_152' title='bbox 363 2182 557 2270; x_wconf 82' lang='lat' dir='ltr'><strong>offensionis</strong></span> <span class='ocrx_word' id='word_1_153' title='bbox 581 2204 692 2293; x_wconf 79' lang='lat' dir='ltr'><strong>plena.</strong></span> <span class='ocrx_word' id='word_1_154' title='bbox 742 2203 870 2292; x_wconf 80' lang='lat' dir='ltr'><strong>Atqui</strong></span> <span class='ocrx_word' id='word_1_155' title='bbox 861 2202 944 2269; x_wconf 90' lang='grc' dir='ltr'><strong>ιιι</strong></span> <span class='ocrx_word' id='word_1_156' title='bbox 920 2225 989 2270; x_wconf 78' lang='lat' dir='ltr'><strong>save</strong></span> <span class='ocrx_word' id='word_1_157' title='bbox 1006 2201 1050 2268; x_wconf 88' lang='lat' dir='ltr'><strong>de</strong></span> <span class='ocrx_word' id='word_1_158' title='bbox 1071 2202 1138 2270; x_wconf 88' lang='lat' dir='ltr'><strong>suis</strong></span> <span class='ocrx_word' id='word_1_159' title='bbox 1152 2201 1256 2293; x_wconf 73' lang='lat' dir='ltr'><strong>ipsius</strong></span> 
     </span>
     <span class='ocr_line' id='line_1_20' title="bbox 129 2303 1257 2394; baseline 0 -21"><span class='ocrx_word' id='word_1_160' title='bbox 129 2306 197 2374; x_wconf 85' lang='lat' dir='ltr'><strong>sive</strong></span> <span class='ocrx_word' id='word_1_161' title='bbox 222 2305 267 2373; x_wconf 94' lang='lat' dir='ltr'><strong>de</strong></span> <span class='ocrx_word' id='word_1_162' title='bbox 288 2305 429 2372; x_wconf 87' lang='lat' dir='ltr'><strong>aliorum</strong></span> <span class='ocrx_word' id='word_1_163' title='bbox 451 2305 542 2372; x_wconf 84' lang='lat' dir='ltr'><strong>libris</strong></span> <span class='ocrx_word' id='word_1_164' title='bbox 564 2306 674 2394; x_wconf 85' lang='lat' dir='ltr'><strong>nequ&#39;e</strong></span> <span class='ocrx_word' id='word_1_165' title='bbox 697 2307 819 2373; x_wconf 85' lang='lat' dir='ltr'><strong>sentire</strong></span> <span class='ocrx_word' id='word_1_166' title='bbox 848 2306 1024 2394; x_wconf 86' lang='lat' dir='ltr'><strong>quisquam</strong></span> <span class='ocrx_word' id='word_1_167' title='bbox 1044 2326 1156 2394; x_wconf 90' lang='lat' dir='ltr'><strong>neque</strong></span> <span class='ocrx_word' id='word_1_168' title='bbox 1171 2303 1257 2373; x_wconf 61' lang='lat' dir='ltr'><strong>scri«</strong></span> 
     </span>
     <span class='ocr_line' id='line_1_21' title="bbox 129 2406 1256 2500; baseline -0.002 -23"><span class='ocrx_word' id='word_1_169' title='bbox 129 2408 212 2477; x_wconf 78' lang='lat' dir='ltr'><strong>bere</strong></span> <span class='ocrx_word' id='word_1_170' title='bbox 233 2430 274 2476; x_wconf 91' lang='lat' dir='ltr'><strong>ac</strong></span> <span class='ocrx_word' id='word_1_171' title='bbox 293 2409 432 2500; x_wconf 83' lang='lat' dir='ltr'><strong>publice</strong></span> <span class='ocrx_word' id='word_1_172' title='bbox 449 2406 607 2499; x_wconf 83' lang='lat' dir='ltr'><strong>judicare</strong></span> <span class='ocrx_word' id='word_1_173' title='bbox 626 2416 757 2498; x_wconf 78' lang='lat' dir='ltr'><strong>potest,</strong></span> <span class='ocrx_word' id='word_1_174' title='bbox 781 2407 842 2475; x_wconf 88' lang='lat' dir='ltr'><strong>nisi</strong></span> <span class='ocrx_word' id='word_1_175' title='bbox 863 2408 919 2498; x_wconf 90' lang='lat' dir='ltr'><strong>qui</strong></span> <span class='ocrx_word' id='word_1_176' title='bbox 936 2408 1081 2499; x_wconf 79' lang='lat' dir='ltr'><strong>antipae</strong></span> <span class='ocrx_word' id='word_1_177' title='bbox 1105 2407 1256 2498; x_wconf 82' lang='lat' dir='ltr'><strong>cognitas</strong></span> 
     </span>
     <span class='ocr_line' id='line_1_22' title="bbox 128 2508 1257 2603; baseline -0.003 -24"><span class='ocrx_word' id='word_1_178' title='bbox 128 2508 233 2580; x_wconf 86' lang='lat' dir='ltr'><strong>habet</strong></span> <span class='ocrx_word' id='word_1_179' title='bbox 255 2511 413 2578; x_wconf 87' lang='lat' dir='ltr'><strong>orationis</strong></span> <span class='ocrx_word' id='word_1_180' title='bbox 445 2511 582 2578; x_wconf 74' lang='lat' dir='ltr'><strong>virtutes</strong></span> <span class='ocrx_word' id='word_1_181' title='bbox 605 2510 672 2578; x_wconf 87' lang='lat' dir='ltr'><strong>istis</strong></span> <span class='ocrx_word' id='word_1_182' title='bbox 695 2512 868 2603; x_wconf 86' lang='lat' dir='ltr'><strong>oppositas</strong></span> <span class='ocrx_word' id='word_1_183' title='bbox 891 2510 993 2596; x_wconf 78' lang='lat' dir='ltr'><strong>uitiis,</strong></span> <span class='ocrx_word' id='word_1_184' title='bbox 1032 2519 1090 2595; x_wconf 81' lang='lat' dir='ltr'><strong>aut</strong></span> <span class='ocrx_word' id='word_1_185' title='bbox 1113 2518 1257 2593; x_wconf 72' lang='lat' dir='ltr'><strong>ucrctnr,</strong></span> 
     </span>
     <span class='ocr_line' id='line_1_23' title="bbox 128 2611 1258 2706; baseline -0.002 -23"><span class='ocrx_word' id='word_1_186' title='bbox 128 2636 170 2683; x_wconf 92' lang='lat' dir='ltr'><strong>ne</strong></span> <span class='ocrx_word' id='word_1_187' title='bbox 205 2615 278 2682; x_wconf 83' lang='lat' dir='ltr'><strong>illas</strong></span> <span class='ocrx_word' id='word_1_188' title='bbox 303 2615 339 2681; x_wconf 90' lang='lat' dir='ltr'><strong>in</strong></span> <span class='ocrx_word' id='word_1_189' title='bbox 368 2613 472 2706; x_wconf 88' lang='lat' dir='ltr'><strong>ipsius</strong></span> <span class='ocrx_word' id='word_1_190' title='bbox 497 2614 627 2705; x_wconf 84' lang='lat' dir='ltr'><strong>scriptis</strong></span> <span class='ocrx_word' id='word_1_191' title='bbox 651 2613 771 2682; x_wconf 86' lang='lat' dir='ltr'><strong>deesse</strong></span> <span class='ocrx_word' id='word_1_192' title='bbox 801 2614 944 2682; x_wconf 89' lang='lat' dir='ltr'><strong>sentiant</strong></span> <span class='ocrx_word' id='word_1_193' title='bbox 971 2613 1111 2681; x_wconf 82' lang='lat' dir='ltr'><strong>limatuli</strong></span> <span class='ocrx_word' id='word_1_194' title='bbox 1136 2611 1258 2705; x_wconf 81' lang='lat' dir='ltr'><strong>judicii</strong></span> 
     </span>
     <span class='ocr_line' id='line_1_24' title="bbox 130 2714 1258 2808; baseline 0.001 -24"><span class='ocrx_word' id='word_1_195' title='bbox 130 2714 295 2808; x_wconf 69' lang='lat' dir='ltr'><strong>aequales.</strong></span> <span class='ocrx_word' id='word_1_196' title='bbox 347 2716 428 2785; x_wconf 78' lang='lat' dir='ltr'><strong>dam</strong></span> <span class='ocrx_word' id='word_1_197' title='bbox 441 2717 514 2806; x_wconf 90' lang='lat' dir='ltr'><strong>quis</strong></span> <span class='ocrx_word' id='word_1_198' title='bbox 530 2725 590 2799; x_wconf 82' lang='lat' dir='ltr'><strong>est,</strong></span> <span class='ocrx_word' id='word_1_199' title='bbox 616 2716 673 2805; x_wconf 88' lang='lat' dir='ltr'><strong>qui</strong></span> <span class='ocrx_word' id='word_1_200' title='bbox 693 2716 921 2799; x_wconf 83' lang='lat' dir='ltr'><strong>seriocrcdat,</strong></span> <span class='ocrx_word' id='word_1_201' title='bbox 946 2714 1258 2785; x_wconf 66' lang='lat' dir='ltr'><strong>LiviumAndroui÷</strong></span> 
     </span>
     <span class='ocr_line' id='line_1_25' title="bbox 131 2818 1257 2910; baseline -0.001 -23"><span class='ocrx_word' id='word_1_202' title='bbox 131 2825 207 2887; x_wconf 90' lang='lat' dir='ltr'><strong>cum</strong></span> <span class='ocrx_word' id='word_1_203' title='bbox 228 2819 333 2887; x_wconf 87' lang='lat' dir='ltr'><strong>fuisse</strong></span> <span class='ocrx_word' id='word_1_204' title='bbox 354 2842 449 2905; x_wconf 90' lang='lat' dir='ltr'><strong>eum,</strong></span> <span class='ocrx_word' id='word_1_205' title='bbox 475 2820 550 2908; x_wconf 87' lang='lat' dir='ltr'><strong>qui,</strong></span> <span class='ocrx_word' id='word_1_206' title='bbox 572 2818 655 2907; x_wconf 89' lang='lat' dir='ltr'><strong>quid</strong></span> <span class='ocrx_word' id='word_1_207' title='bbox 677 2819 745 2886; x_wconf 87' lang='lat' dir='ltr'><strong>suis</strong></span> <span class='ocrx_word' id='word_1_208' title='bbox 767 2820 802 2886; x_wconf 89' lang='lat' dir='ltr'><strong>in</strong></span> <span class='ocrx_word' id='word_1_209' title='bbox 825 2821 989 2910; x_wconf 87' lang='lat' dir='ltr'><strong>poematis</strong></span> <span class='ocrx_word' id='word_1_210' title='bbox 1001 2819 1127 2889; x_wconf 89' lang='lat' dir='ltr'><strong>Latinis</strong></span> <span class='ocrx_word' id='word_1_211' title='bbox 1147 2841 1257 2886; x_wconf 85' lang='lat' dir='ltr'><strong>crasse</strong></span> 
     </span>
     <span class='ocr_line' id='line_1_26' title="bbox 130 2916 1256 3015; baseline 0 -24"><span class='ocrx_word' id='word_1_212' title='bbox 130 2916 299 3015; x_wconf 68' lang='lat' dir='ltr'><strong>illipideve</strong></span> <span class='ocrx_word' id='word_1_213' title='bbox 318 2922 419 2990; x_wconf 85' lang='lat' dir='ltr'><strong>fuerit</strong></span> <span class='ocrx_word' id='word_1_214' title='bbox 439 2922 679 3012; x_wconf 89' lang='lat' dir='ltr'><strong>compositum,</strong></span> <span class='ocrx_word' id='word_1_215' title='bbox 705 2930 825 3013; x_wconf 85' lang='lat' dir='ltr'><strong>suopte</strong></span> <span class='ocrx_word' id='word_1_216' title='bbox 840 2923 979 2990; x_wconf 86' lang='lat' dir='ltr'><strong>senserit</strong></span> <span class='ocrx_word' id='word_1_217' title='bbox 986 2920 1145 3014; x_wconf 83' lang='lat' dir='ltr'><strong>judicio?</strong></span> <span class='ocrx_word' id='word_1_218' title='bbox 1172 2921 1256 3006; x_wconf 75' lang='lat' dir='ltr'><strong>Quis</strong></span> 
     </span>
     <span class='ocr_line' id='line_1_27' title="bbox 130 3018 1257 3118; baseline -0.002 -25"><span class='ocrx_word' id='word_1_219' title='bbox 130 3026 286 3116; x_wconf 74' lang='lat' dir='ltr'><strong>aequales</strong></span> <span class='ocrx_word' id='word_1_220' title='bbox 306 3025 378 3118; x_wconf 90' lang='lat' dir='ltr'><strong>ejus</strong></span> <span class='ocrx_word' id='word_1_221' title='bbox 394 3026 577 3093; x_wconf 86' lang='lat' dir='ltr'><strong>litterarum</strong></span> <span class='ocrx_word' id='word_1_222' title='bbox 591 3018 758 3116; x_wconf 77' lang='lat' dir='ltr'><strong>elegantia</strong></span> <span class='ocrx_word' id='word_1_223' title='bbox 771 3026 818 3092; x_wconf 85' lang='lat' dir='ltr'><strong>ita</strong></span> <span class='ocrx_word' id='word_1_224' title='bbox 830 3024 1070 3116; x_wconf 80' lang='lat' dir='ltr'><strong>fuissepolitos</strong></span> <span class='ocrx_word' id='word_1_225' title='bbox 1086 3032 1193 3117; x_wconf 81' lang='lat' dir='ltr'><strong>putet,</strong></span> <span class='ocrx_word' id='word_1_226' title='bbox 1219 3031 1257 3091; x_wconf 88' lang='lat' dir='ltr'><strong>ut</strong></span> 
     </span>
     <span class='ocr_line' id='line_1_28' title="bbox 128 3126 1258 3219; baseline -0.003 -20"><span class='ocrx_word' id='word_1_227' title='bbox 128 3129 345 3199; x_wconf 88' lang='lat' dir='ltr'><strong>metuendum</strong></span> <span class='ocrx_word' id='word_1_228' title='bbox 365 3126 412 3196; x_wconf 87' lang='lat' dir='ltr'><strong>illi</strong></span> <span class='ocrx_word' id='word_1_229' title='bbox 430 3127 541 3212; x_wconf 85' lang='lat' dir='ltr'><strong>fuerit,</strong></span> <span class='ocrx_word' id='word_1_230' title='bbox 567 3150 611 3195; x_wconf 90' lang='lat' dir='ltr'><strong>ne</strong></span> <span class='ocrx_word' id='word_1_231' title='bbox 626 3126 889 3216; x_wconf 83' lang='lat' dir='ltr'><strong>offenderentur,</strong></span> <span class='ocrx_word' id='word_1_232' title='bbox 915 3126 943 3196; x_wconf 85' lang='lat' dir='ltr'><strong>si</strong></span> <span class='ocrx_word' id='word_1_233' title='bbox 966 3127 1052 3219; x_wconf 83' lang='lat' dir='ltr'><strong>&#39;quid</strong></span> <span class='ocrx_word' id='word_1_234' title='bbox 1076 3127 1185 3213; x_wconf 74' lang='lat' dir='ltr'><strong>scabri</strong></span> <span class='ocrx_word' id='word_1_235' title='bbox 1198 3134 1258 3219; x_wconf 68' lang='lat' dir='ltr'><strong>cut</strong></span> 
     </span>
     <span class='ocr_line' id='line_1_29' title="bbox 128 3230 1072 3322; baseline -0.01 -22"><span class='ocrx_word' id='word_1_236' title='bbox 128 3232 329 3301; x_wconf 85' lang='lat' dir='ltr'><strong>rediviosiin</strong></span> <span class='ocrx_word' id='word_1_237' title='bbox 343 3232 509 3322; x_wconf 88' lang='lat' dir='ltr'><strong>poematis</strong></span> <span class='ocrx_word' id='word_1_238' title='bbox 524 3230 631 3322; x_wconf 85' lang='lat' dir='ltr'><strong>ipsius</strong></span> <span class='ocrx_word' id='word_1_239' title='bbox 641 3231 868 3299; x_wconf 85' lang='lat' dir='ltr'><strong>invenissent?</strong></span> <span class='ocrx_word' id='word_1_240' title='bbox 981 3281 986 3289; x_wconf 73' lang='grc'><strong><em>,</em></strong></span> <span class='ocrx_word' id='word_1_241' title='bbox 1068 3283 1072 3291; x_wconf 95' lang='grc'><strong>.</strong></span> 
     </span>
    </p>

    <p class='ocr_par' dir='ltr' id='par_1_3' title="bbox 128 3332 1333 4354">
     <span class='ocr_line' id='line_1_30' title="bbox 232 3332 1256 3426; baseline -0.004 -24"><span class='ocrx_word' id='word_1_242' title='bbox 232 3334 338 3419; x_wconf 80' lang='lat' dir='ltr'><strong>Quod</strong></span> <span class='ocrx_word' id='word_1_243' title='bbox 349 3350 456 3424; x_wconf 84' lang='lat' dir='ltr'><strong>qnnm</strong></span> <span class='ocrx_word' id='word_1_244' title='bbox 470 3356 581 3424; x_wconf 88' lang='lat' dir='ltr'><strong>neque</strong></span> <span class='ocrx_word' id='word_1_245' title='bbox 595 3334 638 3402; x_wconf 91' lang='lat' dir='ltr'><strong>de</strong></span> <span class='ocrx_word' id='word_1_246' title='bbox 652 3334 749 3402; x_wconf 79' lang='lat' dir='ltr'><strong>Livio</strong></span> <span class='ocrx_word' id='word_1_247' title='bbox 763 3335 840 3425; x_wconf 88' lang='lat' dir='ltr'><strong>ipso</strong></span> <span class='ocrx_word' id='word_1_248' title='bbox 855 3355 966 3423; x_wconf 90' lang='lat' dir='ltr'><strong>neque</strong></span> <span class='ocrx_word' id='word_1_249' title='bbox 979 3332 1023 3401; x_wconf 88' lang='lat' dir='ltr'><strong>de</strong></span> <span class='ocrx_word' id='word_1_250' title='bbox 1038 3332 1112 3426; x_wconf 82' lang='lat' dir='ltr'><strong>ejus</strong></span> <span class='ocrx_word' id='word_1_251' title='bbox 1128 3350 1256 3421; x_wconf 51' lang='lat' dir='ltr'><strong>aequ&amp;</strong></span> 
     </span>
     <span class='ocr_line' id='line_1_31' title="bbox 128 3434 1333 3528; baseline -0.002 -23"><span class='ocrx_word' id='word_1_252' title='bbox 128 3438 214 3523; x_wconf 83' lang='lat' dir='ltr'><strong>libus</strong></span> <span class='ocrx_word' id='word_1_253' title='bbox 237 3436 304 3505; x_wconf 88' lang='lat' dir='ltr'><strong>dici</strong></span> <span class='ocrx_word' id='word_1_254' title='bbox 325 3447 444 3527; x_wconf 87' lang='lat' dir='ltr'><strong>queat,</strong></span> <span class='ocrx_word' id='word_1_255' title='bbox 470 3439 636 3526; x_wconf 86' lang='lat' dir='ltr'><strong>seqnitur,</strong></span> <span class='ocrx_word' id='word_1_256' title='bbox 668 3447 708 3505; x_wconf 88' lang='lat' dir='ltr'><strong>ut</strong></span> <span class='ocrx_word' id='word_1_257' title='bbox 736 3437 801 3505; x_wconf 86' lang='lat' dir='ltr'><strong>iste</strong></span> <span class='ocrx_word' id='word_1_258' title='bbox 823 3459 938 3504; x_wconf 81' lang='lat' dir='ltr'><strong>uersus</strong></span> <span class='ocrx_word' id='word_1_259' title='bbox 961 3459 1029 3503; x_wconf 92' lang='lat' dir='ltr'><strong>non</strong></span> <span class='ocrx_word' id='word_1_260' title='bbox 1047 3434 1155 3528; x_wconf 85' lang='lat' dir='ltr'><strong>possit</strong></span> <span class='ocrx_word' id='word_1_261' title='bbox 1181 3454 1256 3501; x_wconf 81' lang='lat' dir='ltr'><strong>esse</strong></span> <span class='ocrx_word' id='word_1_262' title='bbox 1330 3499 1333 3503; x_wconf 88' lang='lat'>.</span> 
     </span>
     <span class='ocr_line' id='line_1_32' title="bbox 128 3535 1257 3637; baseline -0.004 -28"><span class='ocrx_word' id='word_1_263' title='bbox 128 3540 215 3637; x_wconf 78' lang='lat' dir='ltr'><strong>Livii</strong></span> <span class='ocrx_word' id='word_1_264' title='bbox 230 3540 423 3627; x_wconf 81' lang='lat' dir='ltr'><strong>Andronici,</strong></span> <span class='ocrx_word' id='word_1_265' title='bbox 450 3563 561 3630; x_wconf 88' lang='lat' dir='ltr'><strong>neque</strong></span> <span class='ocrx_word' id='word_1_266' title='bbox 575 3540 675 3608; x_wconf 87' lang='lat' dir='ltr'><strong>ullius</strong></span> <span class='ocrx_word' id='word_1_267' title='bbox 689 3540 771 3610; x_wconf 85' lang='lat' dir='ltr'><strong>alius</strong></span> <span class='ocrx_word' id='word_1_268' title='bbox 784 3549 918 3633; x_wconf 89' lang='lat' dir='ltr'><strong>poetae,</strong></span> <span class='ocrx_word' id='word_1_269' title='bbox 934 3539 997 3607; x_wconf 86' lang='lat' dir='ltr'><strong>nisi</strong></span> <span class='ocrx_word' id='word_1_270' title='bbox 1010 3538 1067 3628; x_wconf 92' lang='lat' dir='ltr'><strong>qui</strong></span> <span class='ocrx_word' id='word_1_271' title='bbox 1083 3560 1125 3606; x_wconf 90' lang='lat' dir='ltr'><strong>ea</strong></span> <span class='ocrx_word' id='word_1_272' title='bbox 1141 3535 1257 3606; x_wconf 72' lang='lat' dir='ltr'><strong>anem</strong></span> 
     </span>
     <span class='ocr_line' id='line_1_33' title="bbox 129 3638 1256 3735; baseline -0.002 -25"><span class='ocrx_word' id='word_1_273' title='bbox 129 3653 258 3729; x_wconf 83' lang='lat' dir='ltr'><strong>aetate,</strong></span> <span class='ocrx_word' id='word_1_274' title='bbox 294 3666 380 3733; x_wconf 87' lang='lat' dir='ltr'><strong>qua,</strong></span> <span class='ocrx_word' id='word_1_275' title='bbox 418 3654 457 3712; x_wconf 91' lang='lat' dir='ltr'><strong>ut</strong></span> <span class='ocrx_word' id='word_1_276' title='bbox 489 3644 599 3712; x_wconf 81' lang='lat' dir='ltr'><strong>verbis</strong></span> <span class='ocrx_word' id='word_1_277' title='bbox 627 3643 758 3712; x_wconf 87' lang='lat' dir='ltr'><strong>Horatii</strong></span> <span class='ocrx_word' id='word_1_278' title='bbox 784 3644 893 3735; x_wconf 84' lang='lat' dir='ltr'><strong>Epist</strong></span> <span class='ocrx_word' id='word_1_279' title='bbox 920 3640 965 3726; x_wconf 92' lang='lat' dir='ltr'><strong>ll,</strong></span> <span class='ocrx_word' id='word_1_280' title='bbox 992 3640 1027 3729; x_wconf 91' lang='lat' dir='ltr'><strong>l,</strong></span> <span class='ocrx_word' id='word_1_281' title='bbox 1053 3638 1140 3713; x_wconf 79' lang='lat'><strong>158.</strong></span> <span class='ocrx_word' id='word_1_282' title='bbox 1170 3648 1256 3727; x_wconf 84' lang='lat' dir='ltr'><strong>utar,</strong></span> 
     </span>
     <span class='ocr_line' id='line_1_34' title="bbox 128 3744 1257 3838; baseline -0.002 -23"><span class='ocrx_word' id='word_1_283' title='bbox 128 3745 285 3815; x_wconf 84' lang='lat' dir='ltr'><strong>horridus</strong></span> <span class='ocrx_word' id='word_1_284' title='bbox 312 3748 369 3815; x_wconf 88' lang='lat' dir='ltr'><strong>ilie</strong></span> <span class='ocrx_word' id='word_1_285' title='bbox 392 3747 578 3815; x_wconf 86' lang='lat' dir='ltr'><strong>defluxerat</strong></span> <span class='ocrx_word' id='word_1_286' title='bbox 598 3769 757 3815; x_wconf 87' lang='lat' dir='ltr'><strong>numerus</strong></span> <span class='ocrx_word' id='word_1_287' title='bbox 776 3745 950 3815; x_wconf 83' lang='lat' dir='ltr'><strong>Saturnius</strong></span> <span class='ocrx_word' id='word_1_288' title='bbox 974 3753 1010 3812; x_wconf 89' lang='lat' dir='ltr'><strong>et</strong></span> <span class='ocrx_word' id='word_1_289' title='bbox 1037 3766 1143 3838; x_wconf 79' lang='lat' dir='ltr'><strong>grave</strong></span> <span class='ocrx_word' id='word_1_290' title='bbox 1166 3744 1257 3813; x_wconf 81' lang='lat' dir='ltr'><strong>virus</strong></span> 
     </span>
     <span class='ocr_line' id='line_1_35' title="bbox 129 3849 1256 3942; baseline -0.003 -24"><span class='ocrx_word' id='word_1_291' title='bbox 129 3849 295 3918; x_wconf 88' lang='lat' dir='ltr'><strong>munditiis</strong></span> <span class='ocrx_word' id='word_1_292' title='bbox 319 3851 456 3942; x_wconf 88' lang='lat' dir='ltr'><strong>pulsum</strong></span> <span class='ocrx_word' id='word_1_293' title='bbox 484 3859 564 3918; x_wconf 86' lang='lat' dir='ltr'><strong>erat</strong></span> <span class='ocrx_word' id='word_1_294' title='bbox 614 3850 812 3918; x_wconf 84' lang='lat' dir='ltr'><strong>Latinorum</strong></span> <span class='ocrx_word' id='word_1_295' title='bbox 839 3870 922 3916; x_wconf 82' lang='lat' dir='ltr'><strong>vero</strong></span> <span class='ocrx_word' id='word_1_296' title='bbox 943 3856 1123 3940; x_wconf 83' lang='lat' dir='ltr'><strong>poetarum</strong></span> <span class='ocrx_word' id='word_1_297' title='bbox 1145 3867 1256 3915; x_wconf 87' lang='lat' dir='ltr'><strong>sermo</strong></span> 
     </span>
     <span class='ocr_line' id='line_1_36' title="bbox 129 3952 1256 4043; baseline -0.003 -23"><span class='ocrx_word' id='word_1_298' title='bbox 129 3961 200 4020; x_wconf 91' lang='lat' dir='ltr'><strong>tum</strong></span> <span class='ocrx_word' id='word_1_299' title='bbox 224 3952 368 4021; x_wconf 89' lang='lat' dir='ltr'><strong>demum·</strong></span> <span class='ocrx_word' id='word_1_300' title='bbox 386 3953 494 4022; x_wconf 79' lang='lat' dir='ltr'><strong>excoli</strong></span> <span class='ocrx_word' id='word_1_301' title='bbox 525 3953 648 4021; x_wconf 89' lang='lat' dir='ltr'><strong>sensim</strong></span> <span class='ocrx_word' id='word_1_302' title='bbox 671 3952 879 4042; x_wconf 75' lang='lat' dir='ltr'><strong>emollitique</strong></span> <span class='ocrx_word' id='word_1_303' title='bbox 901 3960 1041 4043; x_wconf 87' lang='lat' dir='ltr'><strong>coeptus</strong></span> <span class='ocrx_word' id='word_1_304' title='bbox 1063 3958 1125 4037; x_wconf 84' lang='lat' dir='ltr'><strong>est,</strong></span> <span class='ocrx_word' id='word_1_305' title='bbox 1150 3970 1256 4039; x_wconf 89' lang='lat' dir='ltr'><strong>quum</strong></span> 
     </span>
     <span class='ocr_line' id='line_1_37' title="bbox 131 4054 1257 4148; baseline -0.004 -25"><span class='ocrx_word' id='word_1_306' title='bbox 131 4055 317 4148; x_wconf 81' lang='lat' dir='ltr'><strong>elegantiae</strong></span> <span class='ocrx_word' id='word_1_307' title='bbox 347 4056 382 4125; x_wconf 92' lang='lat' dir='ltr'><strong>in</strong></span> <span class='ocrx_word' id='word_1_308' title='bbox 414 4057 562 4125; x_wconf 89' lang='lat' dir='ltr'><strong>oratione</strong></span> <span class='ocrx_word' id='word_1_309' title='bbox 590 4054 736 4124; x_wconf 89' lang='lat' dir='ltr'><strong>studium</strong></span> <span class='ocrx_word' id='word_1_310' title='bbox 761 4054 796 4123; x_wconf 92' lang='lat' dir='ltr'><strong>in</strong></span> <span class='ocrx_word' id='word_1_311' title='bbox 825 4054 1029 4146; x_wconf 77' lang='lat' dir='ltr'><strong>singularum</strong></span> <span class='ocrx_word' id='word_1_312' title='bbox 1056 4054 1257 4135; x_wconf 72' lang='lat' dir='ltr'><strong>fanailiarum</strong></span> 
     </span>
     <span class='ocr_line' id='line_1_38' title="bbox 131 4154 1256 4252; baseline -0.002 -27"><span class='ocrx_word' id='word_1_313' title='bbox 131 4160 203 4227; x_wconf 85' lang='lat' dir='ltr'><strong>sinu</strong></span> <span class='ocrx_word' id='word_1_314' title='bbox 228 4169 431 4252; x_wconf 89' lang='lat' dir='ltr'><strong>conceptum</strong></span> <span class='ocrx_word' id='word_1_315' title='bbox 444 4159 622 4248; x_wconf 84' lang='lat' dir='ltr'><strong>¹fotumque</strong></span> <span class='ocrx_word' id='word_1_316' title='bbox 636 4154 830 4241; x_wconf 71' lang='lat' dir='ltr'><strong>invaluerat</strong></span> <span class='ocrx_word' id='word_1_317' title='bbox 856 4167 892 4225; x_wconf 88' lang='lat' dir='ltr'><strong>et</strong></span> <span class='ocrx_word' id='word_1_318' title='bbox 904 4158 1112 4248; x_wconf 87' lang='lat' dir='ltr'><strong>potissimum</strong></span> <span class='ocrx_word' id='word_1_319' title='bbox 1128 4156 1256 4223; x_wconf 88' lang='lat' dir='ltr'><strong>animos</strong></span> 
     </span>
     <span class='ocr_line' id='line_1_39' title="bbox 131 4260 1256 4354; baseline -0.001 -26"><span class='ocrx_word' id='word_1_320' title='bbox 131 4270 303 4330; x_wconf 86' lang='lat' dir='ltr'><strong>oratorum</strong></span> <span class='ocrx_word' id='word_1_321' title='bbox 316 4263 520 4331; x_wconf 86' lang='lat' dir='ltr'><strong>incenderat.</strong></span> <span class='ocrx_word' id='word_1_322' title='bbox 557 4262 601 4330; x_wconf 89' lang='lat' dir='ltr'><strong>lu</strong></span> <span class='ocrx_word' id='word_1_323' title='bbox 619 4263 756 4354; x_wconf 77' lang='lat' dir='ltr'><strong>poetice</strong></span> <span class='ocrx_word' id='word_1_324' title='bbox 770 4261 915 4329; x_wconf 73' lang='lat' dir='ltr'><strong>dictinum</strong></span> <span class='ocrx_word' id='word_1_325' title='bbox 932 4260 1052 4328; x_wconf 81' lang='grc' dir='ltr'>(Ιίιιιίιιι</span> <span class='ocrx_word' id='word_1_326' title='bbox 1064 4266 1256 4328; x_wconf 73' lang='lat' dir='ltr'><strong>manserunt</strong></span> 
     </span>
    </p>
   </div>
   <div class='ocr_carea' id='block_1_3' title="bbox 0 0 1393 4838">
    <p class='ocr_par' dir='ltr' id='par_1_4' title="bbox 0 0 1393 4838">
     <span class='ocr_line' id='line_1_40' title="bbox 0 0 1393 4838; baseline 0 0"><span class='ocrx_word' id='word_1_327' title='bbox 0 0 1393 4838; x_wconf 95' lang='lat' dir='ltr'><strong> </strong></span> 
     </span>
    </p>
   </div>
  </div>
 </body>
</html>
