2768 4838
350 297 405 351 us
429 299 463 349 u
489 299 665 351 ururrro
690 295 1019 369 consonum
1183 279 1260 355 11⁸

243 449 270 519 l.
322 448 394 527 ,lul
409 448 610 521 Severianus
623 448 777 543 Syntonr.
790 448 894 521 Rhot
905 470 943 544 p.
956 448 1044 522 842.
1070 448 1260 525 Hannon
1362 454 1365 459 ’

139 558 285 645 nostrae
297 552 452 623 civitatis
465 554 762 639 audacissimum,
779 552 828 622 de
832 552 998 646 suntiono
1012 553 1169 642 divitem,
1181 574 1259 639 sors·

140 655 288 739 didum,
308 654 526 725 maledicum
537 653 735 731 nomios
754 656 805 725 its
816 654 1038 727 Ruhnksnius
1053 655 1099 726 sd
1112 659 1259 749 Aquilio

66 752 69 757 ’
92 763 96 770 ’
139 759 243 829 Rom.
256 757 351 830 Libr.
366 757 400 827 d
413 757 490 852 Εἰς.
505 757 600 829 Sent.
618 767 655 828 ot
666 759 766 828 Eion.
781 757 843 829 49.
859 780 897 851 p.
912 757 998 833 184.
1009 781 1077 852 pro
1088 769 1259 834 aoossulo

101 914 104 920 .
139 860 310 930 verissime
324 861 478 934 oorrexis
530 859 657 935 oum
669 860 840 931 Vstinium
852 883 958 952 quum
970 860 1124 955 plunlsus
1138 864 1258 935 vidos-

139 971 194 1032 tur
208 985 389 1056 aggressus
409 962 706 1053 assuetionibus,
744 986 890 1055 quarum
915 965 1112 1035 secundnm
1133 965 1258 1039 diserto

137 1075 304 1150 memorat
318 1067 419 1139 nuos.
439 1066 526 1135 Dial
540 1066 587 1137 do
601 1063 710 1138 Orstt
732 1089 762 1139 o.
782 1064 864 1154 21„
890 1064 959 1137 lroo
973 1066 1259 1160 trogmoutumox

138 1170 250 1262 prima
264 1169 479 1262 desumptum
492 1169 625 1240 notione
638 1167 734 1240 houd
747 1178 877 1241 tumore
895 1168 1046 1242 fortassis
1068 1174 1255 1267 suspicatus

136 1273 248 1391 primo
263 1295 362 1364 posui
351 1273 463 1341 looo.

239 1375 284 1444 ιι
336 1316 1254 1470 pannonios.nsnr0...2§25..rm

137 1499 176 1570 p
191 1473 279 1549 995.
296 1476 358 1569 Sp.
377 1476 546 1572 peifiioo
555 1475 737 1572 stomun,
763 1483 798 1548 et
811 1477 929 1549 dioto
948 1478 1168 1572 digniorem,
1193 1481 1255 1572 qur·

132 1588 285 1674 praetor
292 1579 428 1674 fieres,
453 1601 562 1674 quom
586 1579 766 1653 consors
814 1579 880 1651 His
902 1583 1014 1654 vorbis
1036 1581 1178 1652 Calvum
1191 1605 1252 1651 or-

139 1685 269 1775 oopisso
284 1684 452 1764 Vatinium
471 1684 534 1753 sibi
554 1684 707 1771 obvium,
731 1684 931 1775 nescioquo
951 1686 1150 1755 suetonum
1170 1683 1254 1755 dixit

139 1785 367 1879 Glandorpius
387 1787 424 1855 in
446 1784 571 1856 Onom.
592 1808 630 1879 p.
654 1782 760 1855 8822
800 1791 879 1855 narn
897 1786 981 1857 mihi
1003 1787 1090 1857 lisso
1114 1790 1260 1878 quoquo
1374 1782 1377 1787 ’

137 1888 243 1959 rerba
258 1889 434 1960 erendum
455 1890 586 1957 notione
605 1887 761 1959 ridentur
774 1911 867 1974 osso,
898 1912 968 1980 qun
990 1888 1131 1975 calvus,
1161 1891 1253 1961 indi

136 1993 304 2084 guntionis
312 2001 347 2062 st
358 1992 427 2061 odii
441 1992 662 2084 plenissimus,
675 1992 795 2060 soritis
810 1991 958 2063 inrootns
965 2001 1018 2062 ost
1029 1991 1251 2084 iuVstinium
1305 2046 1311 2055 .

136 2096 280 2164 smbitus
292 2118 406 2182 reum,
430 2095 465 2164 in
480 2116 548 2187 quo
557 2092 709 2188 Vollejus
721 2095 853 2164 Pstoro.
866 2094 909 2165 L.
922 2096 966 2169 11
979 2093 1040 2167 99.
1054 2090 1091 2190 9
1103 2095 1153 2184 4.,
1165 2120 1252 2173 nous

136 2197 277 2268 tissimus
298 2199 355 2267 illo
373 2198 585 2290 ingeniorum
609 2219 809 2290 morumque
835 2198 964 2290 pistor,
1002 2196 1251 2279 deformitatem

136 2301 287 2395 eorporis
304 2324 382 2369 cum
401 2299 606 2393 turpitudine
621 2300 749 2393 ingenii
759 2309 912 2387 ⁴cortusso
926 2302 972 2371 uit
985 2299 1093 2391 adeo,
1117 2309 1156 2371 ut
1174 2305 1249 2373 ani-

134 2425 209 2473 mus
222 2403 296 2496 ojus
316 2404 510 2497 dignissimo
530 2401 699 2473 domicilio
719 2402 866 2473 inclusus
882 2402 1059 2474 rideretur.
1109 2404 1248 2476 Excan-

135 2505 255 2577 duernt
273 2516 386 2579 sutem
407 2505 503 2578 caro
527 2507 674 2593 suimus,
712 2505 807 2598 quod
830 2506 865 2576 in
882 2507 1066 2577 Praetorio
1079 2508 1248 2602 petitione

134 2607 185 2680 M.
203 2608 291 2680 cato
306 2616 436 2681 summo
459 2632 537 2678 cum
551 2609 672 2703 populi
689 2608 860 2679 dedecoro
877 2611 1050 2704 repulsum
1070 2612 1193 2681 tulerat
1213 2621 1250 2697 ot

133 2712 303 2802 Vatinius,
333 2714 444 2806 impiis
463 2712 623 2806 Pompoji
646 2721 682 2781 et
702 2712 833 2800 Crassi,
864 2714 923 2803 qui
935 2712 1165 2785 commatum
1182 2730 1247 2808 por
1328 2792 1332 2799 ,

133 2815 202 2884 vim
214 2826 434 2908 acceperant,
458 2816 601 2902 ortibus,
624 2815 855 2907 largitionibus
874 2824 910 2885 ot
922 2815 1123 2887 factionibus
1139 2820 1247 2888 Prso-

133 2926 188 2987 tor
200 2942 254 2988 un.
268 2917 355 2988 999.
372 2920 498 2988 elnotus
511 2919 639 2988 fuerat:
663 2917 731 2987 rid.
743 2917 915 2989 Plutarch
928 2919 965 2987 in
978 2919 1045 2989 Vit
1062 2919 1137 2991 Cat.
1151 2944 1182 2990 c.
1193 2920 1244 2991 41
1317 2919 1319 2923 ’

133 3043 210 3111 sqq.
225 3031 260 3090 ot
273 3023 307 3091 in
323 3022 387 3092 Vit.
405 3018 563 3115 Pompoj.
576 3044 608 3091 o.
624 3015 689 3097 52.
714 3020 759 3091 cf.
779 3019 954 3109 Gmsom
966 3020 1106 3093 meurs.
1119 3023 1185 3095 111·
1199 3024 1247 3093 ud

134 3121 244 3194 Cicer.
260 3123 322 3194 Or.
336 3148 389 3218 pr.
404 3125 543 3194 Plancio
563 3147 594 3198 o.
610 3122 670 3194 lt
690 3146 727 3217 p.
741 3119 828 3196 251.
844 3123 898 3193 od
914 3121 1049 3221 Orollii.x
1097 3126 1153 3196 De
1173 3125 1245 3195 Vo-

131 3226 231 3314 tinio,
264 3251 367 3319 quem
388 3226 624 3316 incassat,
654 3228 942 3320 promptissimum
962 3226 1088 3297 scilicet
1109 3251 1247 3301 snorum

133 3331 345 3400 consiliorum
360 3329 606 3417 administrum,
632 3328 677 3399 sd
692 3352 858 3400 summum
877 3327 987 3399 erosit
1002 3331 1245 3423 magistratum,

132 3441 291 3526 egerunt,
323 3430 459 3527 praetor
480 3433 731 3526 Glandorpium
751 3432 774 3502 1
796 3457 846 3520 ο..
869 3432 1052 3503 Wotzelius
1075 3435 1110 3501 in
1130 3427 1243 3509 Prsof.

131 3536 177 3605 td
190 3534 300 3607 Cicer.
312 3536 419 3629 Epist
431 3536 478 3605 ud
496 3536 572 3610 llis.
583 3536 678 3607 Libr.
692 3535 734 3611 V.
758 3537 802 3606 N.
816 3534 890 3604 vll.
910 3558 948 3627 p.
970 3533 1054 3604 lor.
1076 3545 1111 3604 et
1131 3535 1244 3607 Schu-

130 3637 238 3708 taius
228 3663 265 3707 ιιι
279 3639 474 3710 Summsriis
491 3636 601 3713 Cicer.
621 3637 729 3711 Orstt
751 3659 818 3734 pso
834 3639 950 3709 Sextio
970 3647 1005 3709 et
1025 3638 1062 3707 in
1075 3638 1244 3711 Vatinium

17 3861 21 3877 ²
131 3737 291 3914 ΟΡΡΗ111
344 3790 564 3964 Quintilianus
587 3841 692 3915 101.
714 3842 794 3918 Lib.
815 3842 872 3913 Vl
896 3864 925 3910 c
950 3840 985 3912 1.
1004 3834 1041 3936 §
1055 3833 1118 3911 51
1140 3841 1185 3913 T.
1199 3841 1244 3915 11.

128 3964 166 4037 p.
186 3944 275 4016 451.
326 3948 416 4016 Nam
434 3947 573 4040 egregio
586 3947 621 4016 in
640 3947 808 4017 Vatinium
829 3944 971 4016 Calvusr
994 3940 1199 4031 Facturus,
1188 3967 1242 4013 rn-

130 4047 220 4140 qnit‚
245 4047 417 4121 ambitum
428 4050 526 4119 sortis
539 4068 675 4138 ornnes,
701 4056 735 4118 ot
757 4048 900 4137 lroovos
919 4046 1013 4119 scire
1032 4068 1152 4127 omnes
1169 4048 1243 4118 soi-

129 4157 201 4221 unt.
260 4152 404 4224 calvum
425 4153 471 4221 sd
490 4151 626 4245 judices
650 4173 856 4231 conversum.
875 4151 911 4223 iu
935 4152 1167 4243 peroratione,
1205 4160 1243 4219 ut

128 4253 270 4348 opinor,¹
292 4253 532 4344 transsiluisse,
555 4255 592 4325 in
605 4256 724 4349 sprico
739 4263 802 4329 ost

883 4330 1032 4420 fin
1181 4304 1208 4425 '¹
