2768 4838
283 276 287 284 ’
337 303 387 354 uu
410 298 558 353 masma
582 302 775 355 ιιιιιιιιιιιιιι
799 286 1048 369 annotandas.
1170 278 1247 351 tet
1288 382 1292 395 Ι
1348 266 1352 275 “

123 451 311 553 triumphos
334 453 449 522 dicere
472 475 529 523 me
550 461 643 523 vetat
662 453 780 542 Musa,
814 453 875 522 sed
888 453 990 546 jubet
1014 476 1071 521 mc
1094 453 1246 522 versibus
1279 485 1292 499 ¹

125 559 297 627 celebrare
322 557 553 648 Licymniam,
592 557 765 624 dominam
790 579 920 644 meam,
956 552 1109 649 puellam
1140 580 1162 624 a
1189 580 1247 625 me

125 661 453 761 amatam3ve1src.
480 660 624 752 Augusti
645 660 833 752 triumphos
855 683 978 729 canere
998 682 1149 750 nequeo,
1184 660 1247 728 sed

124 788 194 834 non
217 786 373 856 possum,
414 764 494 852 quin
528 786 647 831 canam
681 763 876 831 Terentiam
911 763 1052 855 ejusque
1096 764 1243 833 virtutes.

125 869 314 957 Utramque
329 866 500 934 rationem.
508 865 626 958 rejecit
642 865 944 957 Vanderbourgius
960 877 994 934 et
1010 874 1185 958 praestare
1200 869 1246 935 ait

125 971 217 1040 hunc
234 970 471 1039 sententiarum
486 992 625 1067 pexum:
650 969 753 1038 Musa
775 988 851 1036 mea
870 978 976 1060 negat
996 992 1033 1036 se
1051 967 1248 1040 'celebratu-
1340 1032 1343 1037 .

121 1065 200 1143 'ram
220 1090 300 1149 esse1
316 1073 461 1167 Augusti
479 1072 686 1165 triumphos,
725 1072 785 1142 sed
803 1073 987 1141 celebrabit
1008 1094 1140 1141 amores
1161 1083 1247 1194 tuos,

127 1201 150 1247 o
181 1176 385 1260 Maecenas,
426 1199 504 1245 cum
530 1177 724 1296 Licymnia,
766 1177 834 1272 qq'a
855 1175 939 1243 nihil
959 1175 1020 1243 tibi
1045 1184 1097 1243 est
1127 1178 1245 1246 carius.

108 1281 225 1382 ¹Haec
247 1279 564 1372 Vanderb'ourgim,
604 1279 675 1348 sive
692 1280 847 1349 consulto
876 1279 946 1347 sive
973 1300 1053 1346 casu
1078 1278 1249 1370 ignorans,
1268 1276 1270 1285 ’

128 1406 216 1474 quae
235 1383 356 1452 danius
370 1382 462 1451 adh.
476 1382 500 1453 l.
520 1381 601 1450 huic
621 1384 802 1452 sententiae
823 1381 984 1474 opposuit
1006 1382 1094 1449 levia
1114 1395 1195 1450 sane
1215 1393 1250 1451 et

127 1485 250 1555 futilia!
287 1487 337 1555 Is
352 1486 440 1555 enirn
455 1485 499 1554 de
513 1487 645 1555 Horatii
660 1487 768 1554 amica
787 1485 945 1578 cogitat.
960 1506 1028 1574 qua
1046 1493 1157 1554 tamen
1172 1487 1250 1577 opi·
1359 1510 1362 1525 ⁴

126 1590 262 1658 natione
276 1588 370 1657 baud
387 1591 456 1659 scio
473 1613 515 1657 an
537 1590 723 1680 quidquam
741 1588 856 1658 vanius
876 1598 927 1676 et,
959 1596 996 1656 ut
1020 1588 1130 1656 dicam
1155 1589 1250 1678 quod

128 1694 255 1779 sentio,
282 1715 356 1761 esse
379 1693 589 1784 cogitarique
613 1694 720 1784 possit
741 1690 901 1765 stolidius.
953 1690 994 1759 ld
1011 1714 1113 1781 quam
1132 1714 1251 1760 verum

129 1798 187 1884 sit,
213 1818 314 1864 nemo
339 1797 495 1887 negabit,
522 1798 580 1886 qui
600 1796 687 1864 haec
709 1818 844 1864 mecum
863 1795 1078 1886 reputaverit.
1134 1795 1251 1864 Hora-

128 1900 193 1966 tius
208 1898 399 1966 Maecenati
417 1900 569 1991 roganti,
595 1907 633 1966 ut
650 1898 803 1968 Caesaris
825 1899 971 1990 Augusti
991 1898 1147 1967 victorias
1174 1920 1250 1967 car-

128 2003 219 2069 mine
238 2002 378 2087 scribat,
396 2001 469 2070 ,bac
486 1999 566 2070 oda
578 1995 781 2096 respondet·
808 2025 845 2073 se
860 2025 881 2069 a
894 2000 997 2069 Musa
1020 2024 1096 2088 sua,
1122 2003 1252 2094 quippe
1312 2027 1314 2032 ·

124 2103 273 2172 imbellis
289 2105 384 2194 lyrae
400 2113 557 2197 potente,
571 2106 698 2192 uetari,
715 2105 854 2174 neiliud
869 2106 983 2174 facere
1000 2104 1163 2192 instituat,
1190 2105 1253 2174 sed

130 2207 201 2311 ab
197 2222 238 2274 ea
255 2200 388 2299 juberi,
415 2218 453 2277 ut
462 2210 609 2277 virtutes
630 2205 720 2275 dicat
737 2209 943 2299 Licymniae.
997 2207 1126 2276 dam-¹
1101 2231 1129 2276 ιι
1152 2209 1251 2277 sumi·

129 2333 222 2395 mus,
255 2310 466 2401 Licymniam
496 2312 629 2380 fuisse
619 2313 723 2405 aptius
744 2320 867 2403 poetae
887 2311 1048 2400 amicam,
1082 2311 1156 2401 quis
1182 2334 1265 2379 non

129 2414 299 2535 intelligit,
331 2414 509 2484 Horatium
529 2415 593 2483 ista
608 2417 820 2484 excusatione
841 2423 990 2482 utentem
1013 2437 1083 2482 nou
1103 2415 1252 2505 potuisse

128 2541 199 2586 non
219 2519 389 2587 incurrere
416 2518 452 2586 in
479 2528 620 2611 gravem
641 2519 905 2611 indignationem
926 2540 1004 2584 cum
1031 2515 1252 2601 Maecenatis

132 2623 186 2688 cur
175 2619 293 2689 dicto
315 2621 506 2691 audientem
522 2646 558 2691 so
571 2645 640 2691 uon
645 2624 853 2714 praeberet,
878 2630 952 2689 tum
968 2621 1114 2690 mammo
1136 2621 1172 2688 ιιι
1196 2621 1252 2689 of-

131 2723 318 2791 sensionem
334 2727 496 2815 Augusti,
523 2725 618 2816 cujus
637 2725 781 2792 victoriis
802 2725 991 2816 praeferret
1014 2747 1096 2794 suae
1093 2726 1253 2817 puellae

62 2907 70 2920 ἱ
132 2814 276 2893 laudes?
322 2826 430 2895 Porro
450 2828 610 2896 Horatius
636 2826 752 2895 laudat
775 2827 972 2917 Licymniae
993 2850 1092 2923 suae,
1124 2828 1254 2920 quippe

132 2925 327 3014 libertinae,
353 2930 460 2996 crines
480 2929 724 3021 pulcherrimos
745 2930 903 3020 omnique
923 2928 1137 3022 pretiosiores
1155 2952 1255 3051 auro,
1352 2988 1361 3005 .

134 3041 169 3101 et
182 3032 344 3124 imprimis
363 3031 524 3101 laudat
492 3055 565 3126 eJus
578 3032 757 3126 flagrantia
773 3035 889 3102 oscula
906 3029 1165 3123 facilemque
1133 3055 1253 3133 eJus
1220 3035 1255 3103 ιιι
1288 3110 1295 3129 „

133 3130 319 3205 osculando
332 3136 520 3222 saevitiam,
546 3137 672 3206 scilicet
686 3144 721 3203 ut
737 3172 788 3189 -
803 3137 906 3206 risum
922 3136 1061 3204 teneatis
1078 3135 1256 3207 amicii—

134 3239 271 3308 salivam
287 3248 420 3308 moreat
434 3249 577 3331 patrono
598 3262 660 3309 suo
678 3246 852 3329 eumque
847 3241 949 3313 faciat
972 3240 1166 3308 osculorum
1177 3240 1253 3307 iiio.-
1345 3318 1351 3331 ,

134 3364 209 3410 rum
231 3341 468 3435 appetentem!
533 3341 616 3412 Scio
643 3343 797 3437 quidem,
837 3342 1078 3413 Maecenatem>
1095 3367 1117 3412 a
1135 3343 1255 3411 talibus

136 3445 262 3514 deliciis
290 3469 358 3514 non
380 3447 523 3514 alienum
550 3446 673 3535 fuisse,
704 3448 800 3536 utqui
818 3447 910 3539 ipse,
955 3454 1094 3515 auctore
1122 3446 1256 3515 Seneca

135 3549 243 3641 Epist.
261 3547 381 3618 CXIV.
399 3544 436 3642 §.-
451 3545 486 3620 5.
501 3544 685 3640 scripserit}
716 3548 814 3645 Quid
834 3551 865 3618 ei
886 3548 1138 3643 quisseminae
1160 3550 1257 3618 cirre
1283 3604 1293 3635 ι

137 3653 319 3744 ονιιραιαο
334 3659 369 3720 et
382 3647 767 3749 labrielcoiumbutur?
807 3653 855 3721 At
876 3664 1061 3742 numquam
1076 3651 1158 3719 mihi
1174 3675 1256 3745 per·
1299 3713 1303 3720 .

136 3750 271 3825 suaderi
277 3755 400 3848 patiar
423 3754 645 3846 credamque,
683 3754 862 3825 Horatium
885 3765 956 3825 tam
976 3755 1123 3823 delirum
1139 3754 1256 3847 fuisse,

136 3860 191 3947 ut,
216 3860 251 3928 in
272 3874 341 3948 quo
362 3860 508 3927 carmine
534 3859 771 3928 demandatam
792 3856 868 3928 sibi·
891 3858 1038 3952 Augusti
1061 3857 1256 3928 celebraudi
1349 3919 1356 3945 ,

136 3963 346 4056 provinciam
357 3960 511 4047 modeste
525 3963 704 4055 deprecari
717 3963 846 4053 vellat,¹
863 3961 937 4055 ejus
953 3961 1124 4054 potiorem
1144 3962 1257 4057 majo*
1322 4046 1325 4052 ¹

60 4126 65 4143 ,
136 4087 277 4156 remque
292 4065 692 4157 partemincelebrandis
712 4066 885 4135 libertinae
907 4064 1047 4158 alicujus
1069 4089 1140 4134 ase
1161 4068 1257 4134 ιἰιιιιι·Ι
1320 4096 1324 4105 ·

137 4177 192 4238 tae
206 4168 360 4239 laudibus
377 4171 627 4263 consumpserit.
678 4169 856 4256 Accedit,
866 4168 978 4260 quod,
1004 4177 1048 4237 ιιι
1044 4168 1131 4263 jem
1151 4191 1259 4262 supra

138 4273 340 4367 significari,
380 4270 487 4349 Poeta
509 4294 588 4346 uon
607 4285 696 4347 ιιιιι
691 4286 830 4353 amore-
840 4273 1039 4367 Licymniae
1062 4280 1201 4433 coptum
1221 4294 1258 4340 se
