2768 4838
160 214 175 245 Ι

238 281 312 346 ¹nn
335 283 370 351 q.
394 283 542 334 nonnru
564 286 693 337 mucor
709 276 1068 343 'onmacruronmnaff
1162 268 1246 345 29⁶6·

127 439 281 531 ligellii,
307 462 426 529 quem,
446 465 531 523 *cunr
548 444 634 512 inter
653 444 777 537 poetae
798 440 902 537 nostri
923 446 1164 517 obtrectatores
1187 450 1242 518 fa·
1334 489 1346 503 ‹-

125 544 250 611 miliam
274 534 409 614 duxisse
437 545 607 636 videatur,
648 549 947 643 operaepretium
977 560 1030 620 est
1058 555 1243 624 accuratius

127 668 344 738 cognoscere.
521 729 526 738 ,
1192 700 1205 713 -.

130 810 142 835 x
228 748 379 818 Marcus
400 748 575 843 Tigellius
592 749 859 844 Hermogenes,
884 753 1030 822 musicae
1050 757 1128 825 artis
1150 756 1245 850 peri-

126 850 270 919 tissimus
294 861 329 920 et
346 855 437 921 vocis
457 855 614 945 eximiae,
641 853 681 926 Ο.
694 855 788 924 tulto
810 854 946 925 Caesari
960 858 1123 928 Dictatori
1144 861 1245 929 fami-

126 954 214 1021 liaris
238 955 320 1041 fuit,
347 965 381 1023 et
403 966 482 1048 post
502 956 705 1049 Cleopatrae
726 967 885 1048 acceptus
904 961 1065 1049 maxime,
1090 963 1246 1056 Augusto

127 1078 264 1145 quoque
280 1055 417 1127 Caesari
432 1060 646 1128 amicissimus
662 1083 723 1149 eo,
749 1060 844 1151 quod
859 1060 957 1131 dulce
980 1075 1115 1133 caueret
1136 1076 1170 1134 et
1184 1090 1245 1134 ur·
1273 1124 1280 1131 .

125 1158 214 1225 bane
221 1159 414 1252 jocaretur,
441 1162 529 1230 adeo
546 1174 583 1232 ut
603 1165 691 1232 iuter
710 1165 886 1232 familiares
907 1174 941 1232 et
957 1164 1157 1236 domesticos
1180 1168 1245 1236 ha-

50 1324 56 1335 ,
126 1261 282 1330 beretur:
306 1263 394 1333 haec
408 1265 452 1333 de
467 1287 508 1333 eo
523 1266 727 1363 scholiastes
747 1265 849 1357 Cruq.
867 1267 912 1334 ad
932 1268 1051 1336 Horat.
1072 1269 1142 1338 Sat.
1158 1271 1184 1341 l.
1207 1269 1243 1340 2.
1264 1269 1266 1273 ’

126 1387 158 1460 y.
178 1364 212 1431 3.
232 1366 357 1456 tradit,
383 1390 530 1458 quocum
543 1369 615 1438 fere
633 1370 679 1437 ad
695 1370 836 1438 verbum
852 1371 1063 1438 consentiunt
1080 1373 1195 1439 Acron
1210 1383 1245 1441 et

126 1466 351 1558 Porphyrion.
379 1471 566 1539 Bellissima
586 1472 676 1541 istius
697 1473 841 1540 hominis
856 1472 997 1564 ejusque
1017 1495 1150 1541 morum
1170 1476 1244 1542 vel-

126 1569 175 1636 uti
187 1571 223 1636 iu
238 1572 353 1640 tabula
375 1573 585 1665 depictorum
600 1574 782 1666 descriptio
797 1577 919 1669 legitur
933 1576 1027 1669 apud
1039 1578 1151 1670 ipsum
1165 1577 1243 1647 Ho—·

126 1671 247 1745 ratium
257 1675 350 1749 Libr.
368 1675 394 1747 l.
410 1679 481 1748 Sat.
495 1677 531 1746 3.
548 1701 579 1747 v.
595 1676 618 1746 l
633 1716 687 1737 -κ
701 1677 778 1750 lu:

127 1848 337 1868 Μ

127 1944 181 1996 tem
197 1943 296 2012 miror,
320 1945 390 1999 hanc
407 1945 517 2015 cruquii
533 1944 709 2013 opinationem
726 1943 760 1999 de
775 1943 877 1999 Fannio
893 1943 1031 2014 repetitam
1047 1949 1075 2001 et
1091 1910 1247 2001 exorbatam

126 2012 209 2064 luisse
225 2031 243 2066 a
258 2017 284 2066 b.
301 2014 438 2081 Spohnio,
463 2022 494 2068 ut
513 2018 595 2069 relert
615 2015 730 2069 Jahnina
754 2016 788 2066 ad
811 2014 917 2068 Horatii
940 2014 996 2068 Sat.
1013 2017 1036 2068 l.
1060 2016 1087 2069 4.
1105 2032 1133 2068 r.
1151 2016 1195 2068 21.
1219 2032 1246 2083 p.

126 2081 187 2134 2⁵4.
205 2084 253 2135 lllc
269 2083 397 2137 intellexit
418 2086 448 2137 G.
465 2084 596 2139 Fannium
613 2086 642 2139 0.
659 2085 709 2149 F..
733 2082 884 2137 Tribunum
907 2084 946 2153 pl.
970 2085 1084 2138 Caesare
1106 2091 1133 2138 at
1148 2086 1248 2139 Bibulo
1345 2114 1357 2139 a

127 2151 199 2205 Coss.
217 2167 241 2204 a.
259 2153 293 2205 U.
310 2153 340 2205 0.
358 2152 419 2207 cot.
435 2154 477 2222 (v.
496 2154 588 2215 Ueneto
605 2153 633 2207 in
649 2153 737 2208 Vatia.
761 2172 784 2206 c.
801 2154 827 2208 l.
844 2172 884 2221 pr.
908 2153 979 2207 Sext.
997 2173 1021 2207 o.
1038 2154 1097 2220 53.)
1121 2159 1147 2206 at
1164 2156 1249 2207 Prae-
1290 2190 1295 2195 -

127 2224 211 2271 torem
233 2219 261 2272 in
289 2221 383 2275 Sicilia
405 2238 431 2275 a.
449 2224 483 2291 ll.
502 2224 532 2277 0.
549 2223 610 2278 tlo.
635 2223 685 2290 (v.
697 2222 790 2276 cicero
814 2223 848 2275 ad
865 2221 943 2275 Attio.
960 2223 1033 2278 hihr.
1052 2223 1107 2274 Vll.
1127 2221 1247 2305 ep315.)
1335 2274 1339 2286 ,

126 2289 153 2341 la
169 2289 198 2343 C.
216 2289 346 2356 Fannius,
376 2308 437 2346 cum
454 2291 539 2347 Cassii
560 2294 664 2361 legatae
681 2297 749 2344 osset
773 2308 798 2345 a.
815 2293 849 2344 U.
868 2293 898 2343 C.
917 2291 996 2357 711„
1018 2292 1091 2345 haud
1107 2291 1187 2343 dubie
1203 2293 1247 2343 ol·
1318 2336 1323 2344 .

126 2357 378 2414 fontanensium.
412 2361 477 2414 Post
491 2378 609 2431 pugnam
624 2359 820 2427 Philippensem
838 2360 997 2426 proscriptus
1019 2360 1053 2413 ad
1077 2359 1147 2415 Sext.
1164 2360 1248 2412 Pom-

126 2427 215 2492 pajnm
231 2429 303 2497 fugit
319 2435 345 2481 et
361 2447 385 2482 a.
403 2431 436 2484 U.
454 2431 483 2487 0.
501 2431 562 2484 alo.
585 2448 647 2484 aum
664 2428 755 2483 Cassio
778 2428 914 2489 Parmensl
937 2429 972 2481 ad
987 2428 1026 2482 ht
1041 2427 1183 2481 Antonium
1200 2430 1248 2481 de·

126 2495 198 2549 tecit.
232 2497 306 2550 Idem
328 2499 445 2552 Fannius
469 2501 541 2553 visus
561 2507 599 2553 eat
623 2497 741 2553 carmina
764 2514 887 2566 quoque,
911 2498 1022 2551 fortasse
1046 2497 1163 2563 Satires,
1186 2503 1248 2551 ante

126 2565 342 2647 proscriptionem
365 2568 468 2623 iecisse.
501 2570 555 2623 lsta
575 2568 660 2638 igitur
683 2568 802 2621 cannino
827 2566 968 2632 Horatius,
994 2567 1119 2634 pristinae
1143 2582 1248 2620 mernor

127 2634 254 2700 iniuriae,
278 2636 368 2689 Satira
384 2643 479 2706 quarta
500 2638 632 2708 respexit,
655 2653 715 2689 cnm
731 2636 848 2690 Fannius
869 2637 957 2688 Roma
978 2638 1071 2689 absens
1088 2642 1155 2689 esset
1174 2636 1254 2703 apud'

128 2702 199 2756 Sext.
217 2706 379 2772 Pompeium.
420 2708 485 2760 lude
501 2715 590 2762 autem
607 2723 735 2777 apparere
757 2707 823 2758 dixit
840 2705 988 2773 §probation
1011 2722 1118 2773 capsas,
1143 2704 1170 2757 in
1187 2703 1255 2774 qni-·

126 2771 177 2822 bns
194 2773 291 2840 scripta
314 2776 431 2843 reposita
452 2781 551 2841 assem,
575 2792 658 2842 neque
681 2775 709 2827 ia
733 2774 924 2827 bibliothecam
948 2775 1097 2828 Palatinam
1120 2790 1145 2826 a.
1163 2775 1196 2828 U.
1215 2775 1246 2827 G.

126 2840 188 2895 726.
206 2843 376 2909 instructum,
399 2861 483 2910 neque
506 2846 534 2897 iu
555 2846 745 2897 bibliothecam
762 2841 888 2896 Pollionis
905 2858 929 2896 a.
945 2843 980 2895 U.
997 2844 1026 2899 G.
1042 2843 1104 2897 715.
1128 2850 1248 2896 extremo

76 2957 79 2961 .
128 2910 275 2977 conditam,
293 2914 339 2965 aed
355 2914 389 2967 ad
406 2914 563 2983 bibliopolas
579 2914 672 2965 missas
688 2928 759 2964 ease:
778 2912 811 2964 cl.
828 2928 854 2966 v.
871 2911 914 2964 tl.
940 2912 1016 2965 llaec
1032 2919 1162 2980 postremo
1187 2914 1247 2964 loco

127 2979 259 3047 disputata
274 2999 380 3048 prorsus
396 2983 592 3052 probarcm‚ri
613 2980 681 3035 mihi
698 2986 846 3045 constaret,
873 2980 900 3034 iu
922 2980 1060 3034 Sosiorum
1075 2980 1191 3034 tabernis
1207 2980 1248 3055 uti¹

128 3049 283 3115 scriptorum
299 3050 396 3116 libros,
420 3050 459 3104 ita
476 3052 605 3121 imagines
622 3056 725 3120 quoqne
740 3050 820 3103 luisse
836 3050 983 3118 expositae,
1009 3056 1036 3103 et
1060 3052 1094 3102 ad
1118 3051 1247 3103 honorem

128 3117 312 3173 declarandum
329 3121 399 3173 mitti
424 3122 458 3173 ab
473 3122 565 3174 amicis
581 3125 614 3174 et
635 3120 838 3174 adnimtnribna
860 3120 954 3173 solitos
977 3136 1035 3170 crae
1055 3118 1139 3171 libros
1154 3120 1188 3171 nd
1204 3118 1248 3171 bi·

128 3187 273 3255 bllopolas,
293 3190 451 3258 inquorum
468 3190 582 3244 tabernis
599 3195 755 3259 prostarent.
789 3189 843 3241 Sed
860 3205 928 3254 quae
945 3186 1079 3254 Spohnlua
1094 3187 1254 3270 deFannloj
1321 3246 1330 3255 ⁸

128 3255 251 3310 disseruit
266 3259 364 3325 nemini
383 3261 522 3313 obscurum
544 3265 583 3312 cst
605 3277 686 3326 quam
710 3258 800 3312 omnia
817 3257 897 3310 meris
913 3257 1057 3309 innitantur
1079 3262 1247 3321 conjecturis,

128 3325 225 3392 qulbus
241 3344 274 3379 ne
290 3328 453 3383 scholiastae
471 3331 576 3397 quidem
592 3328 696 3393 hient,
713 3328 810 3380 nedum
827 3327 882 3394 ipae
897 3331 984 3393 poeta.
1012 3326 1162 3394 Numquam
1179 3324 1248 3377 mihi

128 3396 277 3460 persuaderi
294 3397 389 3463 patiar,
414 3399 501 3452 airum
520 3397 679 3467 praetorium
696 3396 828 3464 adeoque,
850 3395 874 3448 ai
888 3396 1004 3462 losepbo
1020 3395 1080 3448 Ant.
1096 3394 1156 3446 Jud.
1174 3393 1248 3446 hibr.

43 3511 48 3519 .
129 3464 200 3516 xiv,
218 3482 240 3516 c.
258 3466 301 3518 10.
318 3467 463 3533 credimus,
481 3469 660 3533 consularem,
683 3472 819 3534 aepactas
835 3466 966 3532 qnondam
983 3463 1011 3517 in
1026 3463 1104 3517 Bruti
1121 3468 1147 3514 et
1164 3461 1249 3515 Cassii

129 3533 221 3586 castrls
238 3535 458 3600 commilitonem,
476 3539 511 3589 ab
528 3538 594 3604 hoc,
611 3535 731 3604 quamvis
747 3533 861 3603 olleuao,
884 3538 957 3587 tanta
977 3550 1039 3586 cum
1055 3532 1249 3601 contemptione
1302 3572 1307 3584 .

129 3608 156 3654 ot
179 3603 300 3656 lrrislone
323 3610 465 3657 tractatam
487 3623 561 3674 esre,
586 3608 683 3673 quanta
704 3604 836 3657 Fanniam
860 3605 1062 3656 obtrectatorem
1085 3609 1197 3667 utraque
1218 3599 1253 3653 ln·

129 3670 217 3724 Satira
234 3672 341 3727 tractari
357 3673 484 3727 videmus.
518 3674 609 3743 Neque
624 3690 751 3741 umquam
766 3672 835 3726 milri
852 3671 1002 3742 persuaderi
1018 3669 1119 3739 patiar,
1138 3670 1249 3757 &llan-

128 3740 202 3793 nium
219 3742 313 3806 illurn,
331 3759 409 3809 quem
423 3743 556 3813 Appianas
571 3746 590 3797 l.
605 3761 628 3797 c.
643 3744 758 3812 appellat
769 3744 840 3795 bello
854 3741 1027 3795 fortissimam
1049 3746 1077 3792 et
1094 3740 1153 3794 eois
1168 3739 1247 3805 οξιο·

129 3808 218 3879 λόγων
232 3813 284 3866 τοῦ
298 3813 450 3882 Πομπηΐου
466 3812 750 3882 primumprimnum,
767 3811 851 3865 serius
864 3812 962 3864 tactum
974 3826 1030 3862 ease
1047 3808 1165 3877 ineptum
1176 3809 1253 3893 lieri

128 3881 263 3950 magonis,
281 3880 360 3935 Sardi
373 3888 399 3934 ct
411 3883 597 3948 modulatoris,
614 3882 762 3936 convivam.
796 3880 896 3948 hepida
912 3879 1053 3932 admodum
1066 3884 1107 3931 eat
1128 3877 1250 3931 hariola-

130 3950 169 4001 tio
191 3949 282 4003 Bothii
302 3951 331 4003 in
351 3952 482 4006 turono.
505 3953 541 4005 ad
560 3953 631 4004 Fene
641 3953 736 4005 Horat.
757 3955 783 4017 p.
797 3949 842 4003 89.
867 3951 891 4003 le
905 3949 975 4001 enlm
997 3947 1159 4017 suspicabar,
1176 3947 1250 3999 huuc
1311 3994 1313 3999 ,

129 4018 260 4071 Fannium
279 4038 337 4072 ease
355 4038 431 4086 enm,
455 4038 533 4088 quem
550 4021 676 4074 Horatius
690 4021 762 4074 [aibr.
777 4021 797 4073 l.
812 4018 870 4070 Sat.
886 4018 913 4071 9.
932 4034 1020 4086 praeeo
1039 4016 1144 4069 uomlne
1162 4015 1249 4085 rugll·

130 4086 181 4150 let,
201 4089 334 4142 hominem
354 4092 492 4160 garrulum
512 4096 539 4143 et
558 4086 754 4157 importunum,
772 4086 817 4156 qni
830 4104 855 4140 v.
870 4087 913 4141 tt.
926 4104 956 4139 re
970 4091 1089 4154 poetam,
1107 4090 1177 4168 certe
1188 4100 1249 4168 νοτ-

66 4188 69 4193 ·
129 4155 303 4223 silicatorem,
320 4164 348 4212 et
360 4177 386 4214 v.
401 4160 444 4214 2¹1.
460 4158 550 4212 liberis
562 4160 655 4211 orbum
668 4157 731 4211 dicit
742 4163 768 4210 et
789 4173 816 4210 v.
833 4156 878 4210 25.
896 4156 1044 4227 Tigellium
1063 4170 1107 4207 ma
1144 4155 1247 4207 iiuada

130 4241 198 4291 quae
217 4229 306 4281 omnia
324 4245 401 4281 nemo
416 4245 468 4282 non
483 4227 610 4299 intelligit
629 4242 708 4295 qnam
727 4225 847 4295 apprime
867 4225 1020 4279 mureniaut
1036 4224 1109 4278 Scho
1120 4223 1248 4281 idstaraut

130 4296 297 4366 testimonio,
314 4303 342 4353 et
352 4306 616 4368 quantoperemeua
627 4298 661 4353 da
672 4296 724 4352 iate
742 4294 850 4372 homino
863 4294 1007 4358 emtmtiae
1019 4293 1222 4364 patrocinentur.
1261 4338 1264 4343 .
