<?xml version="1.0" encoding="UTF-8"?>
<!DOCTYPE html PUBLIC "-//W3C//DTD XHTML 1.0 Transitional//EN"
    "http://www.w3.org/TR/xhtml1/DTD/xhtml1-transitional.dtd">
<html xmlns="http://www.w3.org/1999/xhtml" xml:lang="en" lang="en">
 <head>
  <title>
</title>
<meta http-equiv="Content-Type" content="text/html;charset=utf-8" />
  <meta name='ocr-system' content='tesseract 3.04.00' />
  <meta name='ocr-capabilities' content='ocr_page ocr_carea ocr_par ocr_line ocrx_word'/>
</head>
<body>
  <div class='ocr_page' id='page_1' title='image "./poetarumlatinor01weicgoog_0025.png"; bbox 0 0 2768 4838; ppageno 0'>
   <div class='ocr_carea' id='block_1_1' title="bbox 148 235 971 314">
    <p class='ocr_par' dir='ltr' id='par_1_1' title="bbox 148 235 971 314">
     <span class='ocr_line' id='line_1_1' title="bbox 148 235 971 314; baseline -0.011 3"><span class='ocrx_word' id='word_1_1' title='bbox 148 235 175 309; x_wconf 80' lang='grc'>8</span> <span class='ocrx_word' id='word_1_2' title='bbox 454 263 517 314; x_wconf 84' lang='lat' dir='ltr'><strong>na</strong></span> <span class='ocrx_word' id='word_1_3' title='bbox 556 263 750 314; x_wconf 84' lang='lat' dir='ltr'><strong>noarro</strong></span> <span class='ocrx_word' id='word_1_4' title='bbox 790 261 971 312; x_wconf 79' lang='lat' dir='ltr'><strong>ronna.</strong></span> 
     </span>
    </p>
   </div>
   <div class='ocr_carea' id='block_1_2' title="bbox 148 412 1282 1026">
    <p class='ocr_par' dir='ltr' id='par_1_2' title="bbox 148 412 1282 1026">
     <span class='ocr_line' id='line_1_2' title="bbox 148 412 1266 511; baseline 0.004 -26"><span class='ocrx_word' id='word_1_5' title='bbox 148 425 242 505; x_wconf 82' lang='lat' dir='ltr'><strong>sunt,</strong></span> <span class='ocrx_word' id='word_1_6' title='bbox 267 441 392 492; x_wconf 84' lang='lat' dir='ltr'><strong>vocare</strong></span> <span class='ocrx_word' id='word_1_7' title='bbox 404 421 449 491; x_wconf 89' lang='lat' dir='ltr'><strong>ad</strong></span> <span class='ocrx_word' id='word_1_8' title='bbox 474 412 622 490; x_wconf 82' lang='lat' dir='ltr'><strong>calculos</strong></span> <span class='ocrx_word' id='word_1_9' title='bbox 642 418 694 490; x_wconf 87' lang='lat' dir='ltr'><strong>M.</strong></span> <span class='ocrx_word' id='word_1_10' title='bbox 711 418 863 488; x_wconf 75' lang='lat' dir='ltr'>Terentii</span> <span class='ocrx_word' id='word_1_11' title='bbox 876 418 1053 508; x_wconf 81' lang='lat' dir='ltr'><strong>Varronis,</strong></span> <span class='ocrx_word' id='word_1_12' title='bbox 1076 419 1154 511; x_wconf 78' lang='lat' dir='ltr'><strong>qni,</strong></span> <span class='ocrx_word' id='word_1_13' title='bbox 1178 428 1266 490; x_wconf 85' lang='lat' dir='ltr'><strong>teste</strong></span> 
     </span>
     <span class='ocr_line' id='line_1_3' title="bbox 150 514 1266 617; baseline 0.003 -28"><span class='ocrx_word' id='word_1_14' title='bbox 150 520 334 592; x_wconf 86' lang='lat' dir='ltr'><strong>Censorino</strong></span> <span class='ocrx_word' id='word_1_15' title='bbox 352 524 385 593; x_wconf 86' lang='lat' dir='ltr'><strong>d.</strong></span> <span class='ocrx_word' id='word_1_16' title='bbox 399 525 443 594; x_wconf 89' lang='lat' dir='ltr'><strong>D.</strong></span> <span class='ocrx_word' id='word_1_17' title='bbox 458 514 570 596; x_wconf 76' lang='lat' dir='ltr'><strong>Natal.</strong></span> <span class='ocrx_word' id='word_1_18' title='bbox 587 522 710 610; x_wconf 82' lang='lat' dir='ltr'><strong>c.14.,</strong></span> <span class='ocrx_word' id='word_1_19' title='bbox 722 523 919 615; x_wconf 75' lang='lat' dir='ltr'><strong>pueritiam</strong></span> <span class='ocrx_word' id='word_1_20' title='bbox 931 522 1009 590; x_wconf 81' lang='lat' dir='ltr'><strong>inde</strong></span> <span class='ocrx_word' id='word_1_21' title='bbox 1022 546 1044 590; x_wconf 91' lang='lat' dir='ltr'><strong>a</strong></span> <span class='ocrx_word' id='word_1_22' title='bbox 1062 523 1151 592; x_wconf 81' lang='lat' dir='ltr'><strong>vitae</strong></span> <span class='ocrx_word' id='word_1_23' title='bbox 1169 526 1266 617; x_wconf 83' lang='lat' dir='ltr'><strong>prin-</strong></span> 
     </span>
     <span class='ocr_line' id='line_1_4' title="bbox 150 623 1267 717; baseline 0.004 -26"><span class='ocrx_word' id='word_1_24' title='bbox 150 623 238 715; x_wconf 87' lang='lat' dir='ltr'><strong>cipio</strong></span> <span class='ocrx_word' id='word_1_25' title='bbox 261 625 306 693; x_wconf 90' lang='lat' dir='ltr'><strong>ad</strong></span> <span class='ocrx_word' id='word_1_26' title='bbox 326 650 450 696; x_wconf 91' lang='lat' dir='ltr'><strong>annum</strong></span> <span class='ocrx_word' id='word_1_27' title='bbox 473 628 626 717; x_wconf 88' lang='lat' dir='ltr'><strong>quintum</strong></span> <span class='ocrx_word' id='word_1_28' title='bbox 647 625 1135 713; x_wconf 65' lang='lat' dir='ltr'><strong>decimum55anoteseeeriam</strong></span> <span class='ocrx_word' id='word_1_29' title='bbox 1157 628 1267 717; x_wconf 81' lang='lat' dir='ltr'><strong>usque</strong></span> 
     </span>
     <span class='ocr_line' id='line_1_5' title="bbox 149 721 1269 822; baseline 0.003 -27"><span class='ocrx_word' id='word_1_30' title='bbox 149 725 201 795; x_wconf 73' lang='lat' dir='ltr'><strong>aul</strong></span> <span class='ocrx_word' id='word_1_31' title='bbox 219 721 444 820; x_wconf 79' lang='lat' dir='ltr'><strong>trigesimum,</strong></span> <span class='ocrx_word' id='word_1_32' title='bbox 473 727 695 822; x_wconf 74' lang='lat' dir='ltr'><strong>juventatem</strong></span> <span class='ocrx_word' id='word_1_33' title='bbox 716 728 761 796; x_wconf 90' lang='lat' dir='ltr'><strong>ad</strong></span> <span class='ocrx_word' id='word_1_34' title='bbox 784 728 1100 820; x_wconf 64' lang='lat' dir='ltr'><strong>‘quadragesimum</strong></span> <span class='ocrx_word' id='word_1_35' title='bbox 1114 729 1269 820; x_wconf 88' lang='lat' dir='ltr'><strong>quintum</strong></span> 
     </span>
     <span class='ocr_line' id='line_1_6' title="bbox 150 824 1282 925; baseline 0.005 -28"><span class='ocrx_word' id='word_1_36' title='bbox 150 828 285 900; x_wconf 82' lang='lat' dir='ltr'><strong>delinit:</strong></span> <span class='ocrx_word' id='word_1_37' title='bbox 317 833 397 901; x_wconf 91' lang='lat' dir='ltr'><strong>inde</strong></span> <span class='ocrx_word' id='word_1_38' title='bbox 422 832 466 900; x_wconf 89' lang='lat' dir='ltr'><strong>ad</strong></span> <span class='ocrx_word' id='word_1_39' title='bbox 487 856 594 924; x_wconf 90' lang='lat' dir='ltr'><strong>usque</strong></span> <span class='ocrx_word' id='word_1_40' title='bbox 614 833 861 924; x_wconf 85' lang='lat' dir='ltr'><strong>sexagesimum</strong></span> <span class='ocrx_word' id='word_1_41' title='bbox 887 832 1042 901; x_wconf 60' lang='lat' dir='ltr'><strong>tenues</strong></span> <span class='ocrx_word' id='word_1_42' title='bbox 1062 833 1218 925; x_wconf 75' lang='lat' dir='ltr'><strong>appellat</strong></span> <span class='ocrx_word' id='word_1_43' title='bbox 1234 824 1282 903; x_wconf 54' lang='grc' dir='ltr'><strong>οἵ</strong></span> 
     </span>
     <span class='ocr_line' id='line_1_7' title="bbox 149 933 1268 1026; baseline 0.001 -23"><span class='ocrx_word' id='word_1_44' title='bbox 149 935 419 1004; x_wconf 71' lang='lat' dir='ltr'><strong>senectutem&#39;ad</strong></span> <span class='ocrx_word' id='word_1_45' title='bbox 438 935 526 1005; x_wconf 80' lang='lat' dir='ltr'><strong>vitae</strong></span> <span class='ocrx_word' id='word_1_46' title='bbox 540 938 643 1005; x_wconf 88' lang='lat' dir='ltr'><strong>finem</strong></span> <span class='ocrx_word' id='word_1_47' title='bbox 658 935 847 1005; x_wconf 79' lang='lat' dir='ltr'><strong>constituit·</strong></span> <span class='ocrx_word' id='word_1_48' title='bbox 886 933 957 1002; x_wconf 83' lang='lat' dir='ltr'><strong>Sed</strong></span> <span class='ocrx_word' id='word_1_49' title='bbox 964 964 979 1021; x_wconf 91' lang='lat'><strong>‚·</strong></span> <span class='ocrx_word' id='word_1_50' title='bbox 1000 938 1186 1026; x_wconf 75' lang='lat' dir='ltr'><strong>utcun&#39;rqpa</strong></span> <span class='ocrx_word' id='word_1_51' title='bbox 1202 953 1268 1004; x_wconf 89' lang='lat' dir='ltr'><strong>no-</strong></span> 
     </span>
    </p>
   </div>
   <div class='ocr_carea' id='block_1_3' title="bbox 31 1037 1268 1130">
    <p class='ocr_par' dir='ltr' id='par_1_3' title="bbox 31 1037 1268 1130">
     <span class='ocr_line' id='line_1_8' title="bbox 31 1037 1268 1130; baseline 0.014 -36"><span class='ocrx_word' id='word_1_52' title='bbox 31 1088 32 1093; x_wconf 74' lang='grc'>,</span> <span class='ocrx_word' id='word_1_53' title='bbox 149 1057 229 1103; x_wconf 90' lang='lat' dir='ltr'><strong>men</strong></span> <span class='ocrx_word' id='word_1_54' title='bbox 251 1059 341 1111; x_wconf 80' lang='lat' dir='ltr'><strong>uuus</strong></span> <span class='ocrx_word' id='word_1_55' title='bbox 358 1038 541 1130; x_wconf 84' lang='lat' dir='ltr'><strong>¹accipitur,</strong></span> <span class='ocrx_word' id='word_1_56' title='bbox 573 1037 610 1106; x_wconf 90' lang='lat' dir='ltr'><strong>id</strong></span> <span class='ocrx_word' id='word_1_57' title='bbox 633 1044 771 1109; x_wconf 78' lang='lat' dir='ltr'><strong>eertum·</strong></span> <span class='ocrx_word' id='word_1_58' title='bbox 784 1037 1142 1127; x_wconf 71' lang='lat' dir='ltr'><strong>astatque-evidens,</strong></span> <span class='ocrx_word' id='word_1_59' title='bbox 1158 1037 1268 1130; x_wconf 55' lang='lat' dir='ltr'><strong>‘&#39;Opu-</strong></span> 
     </span>
    </p>
   </div>
   <div class='ocr_carea' id='block_1_4' title="bbox 149 1137 1269 1541">
    <p class='ocr_par' dir='ltr' id='par_1_4' title="bbox 149 1137 1269 1541">
     <span class='ocr_line' id='line_1_9' title="bbox 149 1137 1268 1235; baseline 0.002 -30"><span class='ocrx_word' id='word_1_60' title='bbox 149 1137 256 1207; x_wconf 86' lang='lat' dir='ltr'><strong>thiam</strong></span> <span class='ocrx_word' id='word_1_61' title='bbox 279 1141 508 1235; x_wconf 85' lang='lat' dir='ltr'><strong>aPropertio,</strong></span> <span class='ocrx_word' id='word_1_62' title='bbox 534 1141 686 1230; x_wconf 81' lang='lat' dir='ltr'><strong>quamvis</strong></span> <span class='ocrx_word' id='word_1_63' title='bbox 710 1140 797 1207; x_wconf 86' lang='lat' dir='ltr'><strong>irato</strong></span> <span class='ocrx_word' id='word_1_64' title='bbox 817 1147 852 1207; x_wconf 87' lang='lat' dir='ltr'><strong>et</strong></span> <span class='ocrx_word' id='word_1_65' title='bbox 873 1144 1089 1230; x_wconf 80' lang='lat' dir='ltr'><strong>exasperato,</strong></span> <span class='ocrx_word' id='word_1_66' title='bbox 1114 1160 1268 1232; x_wconf 86' lang='lat' dir='ltr'><strong>nonpo-</strong></span> 
     </span>
     <span class='ocr_line' id='line_1_10' title="bbox 149 1239 1268 1336; baseline 0.001 -27"><span class='ocrx_word' id='word_1_67' title='bbox 149 1241 253 1309; x_wconf 86' lang='lat' dir='ltr'><strong>tuisse</strong></span> <span class='ocrx_word' id='word_1_68' title='bbox 268 1241 313 1308; x_wconf 90' lang='lat' dir='ltr'><strong>ita</strong></span> <span class='ocrx_word' id='word_1_69' title='bbox 330 1243 506 1336; x_wconf 83' lang='lat' dir='ltr'><strong>appellari,</strong></span> <span class='ocrx_word' id='word_1_70' title='bbox 520 1243 582 1311; x_wconf 85' lang='lat' dir='ltr'><strong>nisi</strong></span> <span class='ocrx_word' id='word_1_71' title='bbox 594 1242 819 1331; x_wconf 68' lang='lat' dir='ltr'><strong>eagaliquanto</strong></span> <span class='ocrx_word' id='word_1_72' title='bbox 832 1239 993 1333; x_wconf 84' lang='lat' dir='ltr'><strong>grandior</strong></span> <span class='ocrx_word' id='word_1_73' title='bbox 1007 1241 1124 1311; x_wconf 86' lang='lat' dir='ltr'><strong>fuisset</strong></span> <span class='ocrx_word' id='word_1_74' title='bbox 1136 1243 1268 1335; x_wconf 83' lang='lat' dir='ltr'><strong>ipsum-</strong></span> 
     </span>
     <span class='ocr_line' id='line_1_11' title="bbox 151 1342 1268 1432; baseline 0.003 -21"><span class='ocrx_word' id='word_1_75' title='bbox 151 1365 237 1432; x_wconf 83' lang='lat' dir='ltr'><strong>que,</strong></span> <span class='ocrx_word' id='word_1_76' title='bbox 269 1353 380 1414; x_wconf 89' lang='lat' dir='ltr'><strong>aetate</strong></span> <span class='ocrx_word' id='word_1_77' title='bbox 400 1346 593 1432; x_wconf 89' lang='lat' dir='ltr'><strong>florentem,</strong></span> <span class='ocrx_word' id='word_1_78' title='bbox 626 1346 715 1412; x_wconf 84' lang='lat' dir='ltr'><strong>vitae</strong></span> <span class='ocrx_word' id='word_1_79' title='bbox 735 1344 827 1412; x_wconf 80' lang='lat' dir='ltr'><strong>annia</strong></span> <span class='ocrx_word' id='word_1_80' title='bbox 853 1342 996 1419; x_wconf 87' lang='lat' dir='ltr'><strong>multum</strong></span> <span class='ocrx_word' id='word_1_81' title='bbox 1027 1346 1268 1415; x_wconf 64' lang='lat' dir='ltr'><strong>meminisset</strong></span> 
     </span>
     <span class='ocr_line' id='line_1_12' title="bbox 150 1446 1269 1541; baseline -0.003 -27"><span class='ocrx_word' id='word_1_82' title='bbox 150 1446 332 1517; x_wconf 87' lang='lat' dir='ltr'><strong>Praeterea</strong></span> <span class='ocrx_word' id='word_1_83' title='bbox 351 1449 455 1516; x_wconf 88' lang='lat' dir='ltr'><strong>multa</strong></span> <span class='ocrx_word' id='word_1_84' title='bbox 478 1456 571 1534; x_wconf 88' lang='lat' dir='ltr'><strong>sunt,</strong></span> <span class='ocrx_word' id='word_1_85' title='bbox 604 1470 694 1537; x_wconf 89' lang='lat' dir='ltr'><strong>quae</strong></span> <span class='ocrx_word' id='word_1_86' title='bbox 720 1446 906 1533; x_wconf 81' lang='lat' dir='ltr'>declarent,</span> <span class='ocrx_word' id='word_1_87' title='bbox 931 1446 1146 1539; x_wconf 84' lang='lat' dir='ltr'><strong>Propertium</strong></span> <span class='ocrx_word' id='word_1_88' title='bbox 1158 1446 1269 1541; x_wconf 73' lang='lat' dir='ltr'><strong>¹&#39;jurab-</strong></span> 
     </span>
    </p>
   </div>
   <div class='ocr_carea' id='block_1_5' title="bbox 15 1548 1271 1644">
    <p class='ocr_par' dir='ltr' id='par_1_5' title="bbox 15 1548 1271 1644">
     <span class='ocr_line' id='line_1_13' title="bbox 15 1548 1271 1644; baseline 0 -24"><span class='ocrx_word' id='word_1_89' title='bbox 15 1551 84 1620; x_wconf 48' lang='grc' dir='ltr'><strong>’ξέν’</strong></span> <span class='ocrx_word' id='word_1_90' title='bbox 151 1571 230 1617; x_wconf 89' lang='lat' dir='ltr'><strong>uem</strong></span> <span class='ocrx_word' id='word_1_91' title='bbox 244 1568 317 1619; x_wconf 85' lang='lat' dir='ltr'><strong>non¹</strong></span> <span class='ocrx_word' id='word_1_92' title='bbox 334 1551 494 1642; x_wconf 82' lang='lat' dir='ltr'><strong>tamajus</strong></span> <span class='ocrx_word' id='word_1_93' title='bbox 516 1550 643 1639; x_wconf 87' lang='lat' dir='ltr'><strong>forma,</strong></span> <span class='ocrx_word' id='word_1_94' title='bbox 670 1570 773 1640; x_wconf 87' lang='lat' dir='ltr'><strong>quam</strong></span> <span class='ocrx_word' id='word_1_95' title='bbox 791 1548 917 1642; x_wconf 85' lang='lat' dir='ltr'><strong>ingenii</strong></span> <span class='ocrx_word' id='word_1_96' title='bbox 936 1559 1111 1619; x_wconf 81' lang='lat' dir='ltr'><strong>venustate</strong></span> <span class='ocrx_word' id='word_1_97' title='bbox 1133 1560 1271 1644; x_wconf 81' lang='lat' dir='ltr'><strong>captum</strong></span> 
     </span>
    </p>
   </div>
   <div class='ocr_carea' id='block_1_6' title="bbox 71 1651 1300 2267">
    <p class='ocr_par' dir='ltr' id='par_1_6' title="bbox 71 1651 1300 2267">
     <span class='ocr_line' id='line_1_14' title="bbox 153 1651 1300 1747; baseline 0.002 -27"><span class='ocrx_word' id='word_1_98' title='bbox 153 1673 226 1721; x_wconf 83' lang='lat' dir='ltr'><strong>esse</strong></span> <span class='ocrx_word' id='word_1_99' title='bbox 245 1660 350 1743; x_wconf 90' lang='lat' dir='ltr'><strong>atque</strong></span> <span class='ocrx_word' id='word_1_100' title='bbox 368 1676 484 1722; x_wconf 89' lang='lat' dir='ltr'><strong>amore</strong></span> <span class='ocrx_word' id='word_1_101' title='bbox 505 1653 676 1722; x_wconf 88' lang='lat' dir='ltr'><strong>irretitum.</strong></span> <span class='ocrx_word' id='word_1_102' title='bbox 727 1651 839 1747; x_wconf 78' lang='lat' dir='ltr'><strong>Hujus</strong></span> <span class='ocrx_word' id='word_1_103' title='bbox 862 1653 1123 1722; x_wconf 84' lang='lat' dir='ltr'><strong>autem·amoris</strong></span> <span class='ocrx_word' id='word_1_104' title='bbox 1142 1655 1270 1722; x_wconf 80' lang='lat' dir='ltr'><strong>initium</strong></span> <span class='ocrx_word' id='word_1_105' title='bbox 1297 1710 1300 1713; x_wconf 91' lang='lat'>.</span> 
     </span>
     <span class='ocr_line' id='line_1_15' title="bbox 151 1744 1270 1847; baseline 0.004 -25"><span class='ocrx_word' id='word_1_106' title='bbox 151 1763 288 1847; x_wconf 90' lang='lat' dir='ltr'><strong>putatur</strong></span> <span class='ocrx_word' id='word_1_107' title='bbox 302 1756 531 1845; x_wconf 88' lang='lat' dir='ltr'><strong>quaerendum</strong></span> <span class='ocrx_word' id='word_1_108' title='bbox 548 1779 620 1825; x_wconf 87' lang='lat' dir='ltr'><strong>esse</strong></span> <span class='ocrx_word' id='word_1_109' title='bbox 635 1756 777 1824; x_wconf 70' lang='lat' dir='ltr'><strong>circiter,</strong></span> <span class='ocrx_word' id='word_1_110' title='bbox 790 1779 821 1826; x_wconf 86' lang='lat' dir='ltr'><strong>a.</strong></span> <span class='ocrx_word' id='word_1_111' title='bbox 834 1755 879 1825; x_wconf 93' lang='lat' dir='ltr'><strong>U.</strong></span> <span class='ocrx_word' id='word_1_112' title='bbox 898 1755 939 1826; x_wconf 86' lang='lat' dir='ltr'><strong>G.</strong></span> <span class='ocrx_word' id='word_1_113' title='bbox 963 1744 1162 1846; x_wconf 40' lang='grc' dir='ltr'><strong>ἢδη-,ηπ</strong></span> <span class='ocrx_word' id='word_1_114' title='bbox 1182 1781 1270 1841; x_wconf 89' lang='lat' dir='ltr'><strong>auno</strong></span> 
     </span>
     <span class='ocr_line' id='line_1_16' title="bbox 151 1856 1271 1952; baseline 0.003 -25"><span class='ocrx_word' id='word_1_115' title='bbox 151 1858 348 1948; x_wconf 82' lang='lat' dir='ltr'><strong>Propertius</strong></span> <span class='ocrx_word' id='word_1_116' title='bbox 361 1859 511 1928; x_wconf 90' lang='lat' dir='ltr'><strong>nondum</strong></span> <span class='ocrx_word' id='word_1_117' title='bbox 526 1859 673 1949; x_wconf 92' lang='lat' dir='ltr'><strong>quinque</strong></span> <span class='ocrx_word' id='word_1_118' title='bbox 687 1858 775 1926; x_wconf 87' lang='lat' dir='ltr'><strong>vitae</strong></span> <span class='ocrx_word' id='word_1_119' title='bbox 788 1859 894 1928; x_wconf 86' lang='lat' dir='ltr'><strong>lustra</strong></span> <span class='ocrx_word' id='word_1_120' title='bbox 910 1866 1095 1952; x_wconf 77' lang='lat' dir='ltr'><strong>peregerat</strong></span> <span class='ocrx_word' id='word_1_121' title='bbox 1113 1858 1178 1952; x_wconf 52' lang='lat' dir='ltr'><strong>Q:</strong></span> <span class='ocrx_word' id='word_1_122' title='bbox 1189 1856 1271 1930; x_wconf 70' lang='lat' dir='ltr'><strong>aab</strong></span> 
     </span>
     <span class='ocr_line' id='line_1_17' title="bbox 71 1960 1271 2063; baseline 0.004 -36"><span class='ocrx_word' id='word_1_123' title='bbox 71 1965 73 1970; x_wconf 85' lang='lat'>&#39;</span> <span class='ocrx_word' id='word_1_124' title='bbox 153 1961 181 2028; x_wconf 85' lang='lat' dir='ltr'><strong>si</strong></span> <span class='ocrx_word' id='word_1_125' title='bbox 201 1960 455 2063; x_wconf 71' lang='lat' dir='ltr'><strong>Cynthiaoirea</strong></span> <span class='ocrx_word' id='word_1_126' title='bbox 469 1963 554 2030; x_wconf 91' lang='lat' dir='ltr'><strong>illud</strong></span> <span class='ocrx_word' id='word_1_127' title='bbox 567 1972 701 2056; x_wconf 90' lang='lat' dir='ltr'><strong>tempus</strong></span> <span class='ocrx_word' id='word_1_128' title='bbox 715 1971 784 2031; x_wconf 88' lang='lat' dir='ltr'><strong>tarn</strong></span> <span class='ocrx_word' id='word_1_129' title='bbox 806 1971 970 2055; x_wconf 88' lang='lat' dir='ltr'><strong>provecta</strong></span> <span class='ocrx_word' id='word_1_130' title='bbox 992 1970 1064 2031; x_wconf 89' lang='lat' dir='ltr'><strong>erat</strong></span> <span class='ocrx_word' id='word_1_131' title='bbox 1082 1971 1209 2051; x_wconf 87' lang='lat' dir='ltr'><strong>aetate,</strong></span> <span class='ocrx_word' id='word_1_132' title='bbox 1233 1972 1271 2032; x_wconf 90' lang='lat' dir='ltr'><strong>ut</strong></span> 
     </span>
     <span class='ocr_line' id='line_1_18' title="bbox 153 2063 1273 2158; baseline 0.002 -25"><span class='ocrx_word' id='word_1_133' title='bbox 153 2063 198 2133; x_wconf 91' lang='lat' dir='ltr'><strong>ab</strong></span> <span class='ocrx_word' id='word_1_134' title='bbox 214 2073 363 2134; x_wconf 87' lang='lat' dir='ltr'><strong>amatore</strong></span> <span class='ocrx_word' id='word_1_135' title='bbox 377 2089 439 2135; x_wconf 89' lang='lat' dir='ltr'><strong>suo</strong></span> <span class='ocrx_word' id='word_1_136' title='bbox 458 2064 524 2133; x_wconf 88' lang='lat' dir='ltr'><strong>dici</strong></span> <span class='ocrx_word' id='word_1_137' title='bbox 544 2074 662 2158; x_wconf 81' lang='lat' dir='ltr'><strong>posset</strong></span> <span class='ocrx_word' id='word_1_138' title='bbox 684 2087 792 2144; x_wconf 62' lang='lat' dir='ltr'><strong>aarum·</strong></span> <span class='ocrx_word' id='word_1_139' title='bbox 816 2064 973 2157; x_wconf 83' lang='lat' dir='ltr'><strong>profecto</strong></span> <span class='ocrx_word' id='word_1_140' title='bbox 994 2088 1062 2135; x_wconf 93' lang='lat' dir='ltr'><strong>non</strong></span> <span class='ocrx_word' id='word_1_141' title='bbox 1082 2074 1151 2155; x_wconf 82' lang='lat' dir='ltr'><strong>est,</strong></span> <span class='ocrx_word' id='word_1_142' title='bbox 1177 2066 1273 2156; x_wconf 89' lang='lat' dir='ltr'><strong>quod</strong></span> 
     </span>
     <span class='ocr_line' id='line_1_19' title="bbox 156 2165 1271 2267; baseline 0.003 -33"><span class='ocrx_word' id='word_1_143' title='bbox 156 2165 323 2256; x_wconf 81' lang='lat' dir='ltr'><strong>Cynthiae</strong></span> <span class='ocrx_word' id='word_1_144' title='bbox 334 2178 468 2262; x_wconf 82' lang='lat' dir='ltr'><strong>patrem</strong></span> <span class='ocrx_word' id='word_1_145' title='bbox 482 2167 522 2237; x_wconf 82' lang='grc' dir='ltr'><strong>Ο.</strong></span> <span class='ocrx_word' id='word_1_146' title='bbox 535 2168 618 2243; x_wconf 81' lang='lat' dir='ltr'><strong>Juui</strong></span> <span class='ocrx_word' id='word_1_147' title='bbox 633 2167 784 2238; x_wconf 81' lang='lat' dir='ltr'><strong>Caesaris</strong></span> <span class='ocrx_word' id='word_1_148' title='bbox 798 2169 992 2259; x_wconf 89' lang='lat' dir='ltr'><strong>aequalem,</strong></span> <span class='ocrx_word' id='word_1_149' title='bbox 1014 2169 1143 2258; x_wconf 84' lang='lat' dir='ltr'><strong>aliquot</strong></span> <span class='ocrx_word' id='word_1_150' title='bbox 1159 2171 1271 2267; x_wconf 50' lang='lat' dir='ltr'><strong>lustri}</strong></span> 
     </span>
    </p>
   </div>
   <div class='ocr_carea' id='block_1_7' title="bbox 154 2269 1380 2369">
    <p class='ocr_par' dir='ltr' id='par_1_7' title="bbox 154 2269 1380 2369">
     <span class='ocr_line' id='line_1_20' title="bbox 154 2269 1380 2369; baseline 0.002 -32"><span class='ocrx_word' id='word_1_151' title='bbox 154 2269 339 2362; x_wconf 88' lang='lat' dir='ltr'><strong>majorem,</strong></span> <span class='ocrx_word' id='word_1_152' title='bbox 364 2272 498 2359; x_wconf 80' lang='lat' dir='ltr'><strong>facere,</strong></span> <span class='ocrx_word' id='word_1_153' title='bbox 525 2270 667 2364; x_wconf 81' lang='lat' dir='ltr'><strong>ejusque</strong></span> <span class='ocrx_word' id='word_1_154' title='bbox 686 2271 882 2360; x_wconf 84' lang='lat' dir='ltr'><strong>avi,Hostii</strong></span> <span class='ocrx_word' id='word_1_155' title='bbox 900 2280 1041 2369; x_wconf 51' lang='lat' dir='ltr'><strong>poetae,</strong></span> <span class='ocrx_word' id='word_1_156' title='bbox 1063 2280 1212 2369; x_wconf 69' lang='lat' dir='ltr'><strong>aetatem</strong></span> <span class='ocrx_word' id='word_1_157' title='bbox 1225 2270 1272 2340; x_wconf 87' lang='lat' dir='ltr'><strong>ad</strong></span> <span class='ocrx_word' id='word_1_158' title='bbox 1376 2323 1380 2333; x_wconf 90' lang='lat'><em>.</em></span> 
     </span>
    </p>
   </div>
   <div class='ocr_carea' id='block_1_8' title="bbox 108 2360 1380 2996">
    <p class='ocr_par' dir='ltr' id='par_1_8' title="bbox 108 2360 1380 2996">
     <span class='ocr_line' id='line_1_21' title="bbox 154 2360 1380 2473; baseline 0.003 -33"><span class='ocrx_word' id='word_1_159' title='bbox 154 2379 310 2465; x_wconf 90' lang='lat' dir='ltr'><strong>tempora</strong></span> <span class='ocrx_word' id='word_1_160' title='bbox 335 2368 537 2455; x_wconf 81' lang='lat' dir='ltr'><strong>Caesariano</strong></span> <span class='ocrx_word' id='word_1_161' title='bbox 555 2398 639 2445; x_wconf 82' lang='lat' dir='ltr'><strong>aevo</strong></span> <span class='ocrx_word' id='word_1_162' title='bbox 667 2375 772 2468; x_wconf 81' lang='lat' dir='ltr'><strong>longe</strong></span> <span class='ocrx_word' id='word_1_163' title='bbox 797 2360 1271 2473; x_wconf 59' lang='lat' dir='ltr'><strong>antiquiorasrejiceresdubr</strong></span> <span class='ocrx_word' id='word_1_164' title='bbox 1378 2428 1380 2432; x_wconf 76' lang='lat'><em>.</em></span> 
     </span>
     <span class='ocr_line' id='line_1_22' title="bbox 154 2484 1245 2552; baseline 0.005 -7"><span class='ocrx_word' id='word_1_165' title='bbox 154 2484 224 2545; x_wconf 89' lang='lat' dir='ltr'><strong>tem</strong></span> <span class='ocrx_word' id='word_1_166' title='bbox 264 2532 273 2549; x_wconf 83' lang='lat'><strong>.</strong></span> <span class='ocrx_word' id='word_1_167' title='bbox 777 2522 779 2526; x_wconf 94' lang='lat'>-</span> <span class='ocrx_word' id='word_1_168' title='bbox 1078 2541 1082 2548; x_wconf 94' lang='lat'><em>.</em></span> <span class='ocrx_word' id='word_1_169' title='bbox 1181 2490 1209 2552; x_wconf 82' lang='grc'><strong>’,</strong></span> <span class='ocrx_word' id='word_1_170' title='bbox 1242 2546 1245 2551; x_wconf 92' lang='grc'>.</span> 
     </span>
     <span class='ocr_line' id='line_1_23' title="bbox 223 2500 1272 2678; baseline 0.004 -30"><span class='ocrx_word' id='word_1_171' title='bbox 223 2500 359 2649; x_wconf 58' lang='lat' dir='ltr'><strong>asmo</strong></span> <span class='ocrx_word' id='word_1_172' title='bbox 373 2578 431 2649; x_wconf 84' lang='lat' dir='ltr'><strong>hic</strong></span> <span class='ocrx_word' id='word_1_173' title='bbox 446 2580 602 2661; x_wconf 86' lang='lat' dir='ltr'><strong>subtilem</strong></span> <span class='ocrx_word' id='word_1_174' title='bbox 615 2588 808 2674; x_wconf 88' lang='lat' dir='ltr'><strong>temporum</strong></span> <span class='ocrx_word' id='word_1_175' title='bbox 822 2578 1115 2677; x_wconf 77' lang='lat' dir='ltr'><strong>computationem,</strong></span> <span class='ocrx_word' id='word_1_176' title='bbox 1132 2604 1180 2678; x_wconf 27' lang='lat' dir='ltr'><strong>ne,</strong></span> <span class='ocrx_word' id='word_1_177' title='bbox 1188 2605 1272 2678; x_wconf 69' lang='lat' dir='ltr'><strong>acu-</strong></span> 
     </span>
     <span class='ocr_line' id='line_1_24' title="bbox 108 2681 1345 2779; baseline 0.006 -31"><span class='ocrx_word' id='word_1_178' title='bbox 108 2728 112 2748; x_wconf 56' lang='lat'>1</span> <span class='ocrx_word' id='word_1_179' title='bbox 155 2681 245 2751; x_wconf 90' lang='lat' dir='ltr'><strong>mine</strong></span> <span class='ocrx_word' id='word_1_180' title='bbox 273 2691 331 2754; x_wconf 87' lang='lat' dir='ltr'><strong>aut</strong></span> <span class='ocrx_word' id='word_1_181' title='bbox 358 2684 427 2752; x_wconf 87' lang='lat' dir='ltr'><strong>otio</strong></span> <span class='ocrx_word' id='word_1_182' title='bbox 459 2683 553 2752; x_wconf 87' lang='lat' dir='ltr'><strong>abuti</strong></span> <span class='ocrx_word' id='word_1_183' title='bbox 583 2706 767 2778; x_wconf 80' lang='lat' dir='ltr'><strong>coarguar,</strong></span> <span class='ocrx_word' id='word_1_184' title='bbox 799 2683 1001 2777; x_wconf 87' lang='lat' dir='ltr'><strong>praesertim</strong></span> <span class='ocrx_word' id='word_1_185' title='bbox 1027 2705 1132 2773; x_wconf 85' lang='lat' dir='ltr'><strong>quum</strong></span> <span class='ocrx_word' id='word_1_186' title='bbox 1153 2686 1273 2769; x_wconf 85' lang='lat' dir='ltr'><strong>aliain</strong></span> <span class='ocrx_word' id='word_1_187' title='bbox 1338 2770 1345 2779; x_wconf 16' lang='grc' dir='ltr'><strong><em>ἡ</em></strong></span> 
     </span>
     <span class='ocr_line' id='line_1_25' title="bbox 155 2786 1273 2883; baseline 0.004 -31"><span class='ocrx_word' id='word_1_188' title='bbox 155 2794 318 2879; x_wconf 88' lang='lat' dir='ltr'><strong>promptu</strong></span> <span class='ocrx_word' id='word_1_189' title='bbox 338 2787 418 2873; x_wconf 89' lang='lat' dir='ltr'><strong>sint,</strong></span> <span class='ocrx_word' id='word_1_190' title='bbox 443 2809 532 2878; x_wconf 90' lang='lat' dir='ltr'><strong>quae</strong></span> <span class='ocrx_word' id='word_1_191' title='bbox 552 2810 663 2871; x_wconf 89' lang='lat' dir='ltr'><strong>meam</strong></span> <span class='ocrx_word' id='word_1_192' title='bbox 683 2787 728 2856; x_wconf 88' lang='lat' dir='ltr'><strong>de</strong></span> <span class='ocrx_word' id='word_1_193' title='bbox 742 2787 853 2861; x_wconf 87' lang='lat' dir='ltr'><strong>Hostii</strong></span> <span class='ocrx_word' id='word_1_194' title='bbox 878 2794 988 2855; x_wconf 87' lang='lat' dir='ltr'><strong>aetate</strong></span> <span class='ocrx_word' id='word_1_195' title='bbox 1008 2788 1220 2883; x_wconf 84' lang='lat' dir='ltr'><strong>seutentiam,</strong></span> <span class='ocrx_word' id='word_1_196' title='bbox 1246 2786 1273 2856; x_wconf 89' lang='lat' dir='ltr'><strong>si</strong></span> 
     </span>
     <span class='ocr_line' id='line_1_26' title="bbox 155 2888 1273 2996; baseline 0.001 -38"><span class='ocrx_word' id='word_1_197' title='bbox 155 2911 225 2958; x_wconf 92' lang='lat' dir='ltr'><strong>non</strong></span> <span class='ocrx_word' id='word_1_198' title='bbox 248 2890 416 2959; x_wconf 81' lang='lat' dir='ltr'><strong>stabiliant</strong></span> <span class='ocrx_word' id='word_1_199' title='bbox 442 2890 602 2996; x_wconf 90' lang='lat' dir='ltr'><strong>omnique</strong></span> <span class='ocrx_word' id='word_1_200' title='bbox 630 2888 782 2986; x_wconf 77' lang='lat' dir='ltr'><strong>eximant</strong></span> <span class='ocrx_word' id='word_1_201' title='bbox 799 2889 1022 2979; x_wconf 86' lang='lat' dir='ltr'><strong>dubitatione,</strong></span> <span class='ocrx_word' id='word_1_202' title='bbox 1056 2891 1174 2960; x_wconf 87' lang='lat' dir='ltr'><strong>saltem</strong></span> <span class='ocrx_word' id='word_1_203' title='bbox 1198 2915 1273 2961; x_wconf 89' lang='lat' dir='ltr'><strong>ma-</strong></span> 
     </span>
    </p>
   </div>
   <div class='ocr_carea' id='block_1_9' title="bbox 159 2991 1266 3226">
    <p class='ocr_par' dir='ltr' id='par_1_9' title="bbox 159 2991 1266 3226">
     <span class='ocr_line' id='line_1_27' title="bbox 159 2991 1266 3097; baseline 0.001 -36"><span class='ocrx_word' id='word_1_204' title='bbox 159 3014 313 3085; x_wconf 82' lang='lat' dir='ltr'><strong>gnopere</strong></span> <span class='ocrx_word' id='word_1_205' title='bbox 329 2991 498 3086; x_wconf 75' lang='lat' dir='ltr'><strong>arlinvent.</strong></span> <span class='ocrx_word' id='word_1_206' title='bbox 692 3088 697 3097; x_wconf 35' lang='grc' dir='ltr'>Ι</span> <span class='ocrx_word' id='word_1_207' title='bbox 968 3083 971 3087; x_wconf 21' lang='lat'>¹</span> <span class='ocrx_word' id='word_1_208' title='bbox 1263 3042 1266 3049; x_wconf 88' lang='lat'>-</span> 
     </span>
     <span class='ocr_line' id='line_1_28' title="bbox 668 3126 1244 3226; baseline 0.003 0"><span class='ocrx_word' id='word_1_209' title='bbox 668 3126 781 3226; x_wconf 70' lang='lat' dir='ltr'><strong>§.a</strong></span> <span class='ocrx_word' id='word_1_210' title='bbox 1241 3180 1244 3189; x_wconf 30' lang='grc' dir='ltr'><strong><em>ι</em></strong></span> 
     </span>
    </p>
   </div>
   <div class='ocr_carea' id='block_1_10' title="bbox 42 3226 1349 3636">
    <p class='ocr_par' dir='ltr' id='par_1_10' title="bbox 42 3226 1349 3636">
     <span class='ocr_line' id='line_1_29' title="bbox 88 3226 1274 3333; baseline 0 -31"><span class='ocrx_word' id='word_1_211' title='bbox 88 3226 92 3233; x_wconf 75' lang='grc'><strong>’</strong></span> <span class='ocrx_word' id='word_1_212' title='bbox 207 3244 209 3248; x_wconf 86' lang='grc'><strong>’</strong></span> <span class='ocrx_word' id='word_1_213' title='bbox 260 3233 411 3306; x_wconf 85' lang='lat' dir='ltr'><strong>Primum</strong></span> <span class='ocrx_word' id='word_1_214' title='bbox 425 3238 515 3307; x_wconf 89' lang='lat' dir='ltr'><strong>enim</strong></span> <span class='ocrx_word' id='word_1_215' title='bbox 523 3237 719 3333; x_wconf 70' lang='lat' dir='ltr'><strong>mrprlnum-</strong></span> <span class='ocrx_word' id='word_1_216' title='bbox 729 3234 890 3325; x_wconf 83' lang='lat' dir='ltr'><strong>reliquiae</strong></span> <span class='ocrx_word' id='word_1_217' title='bbox 903 3257 980 3304; x_wconf 90' lang='lat' dir='ltr'><strong>eam</strong></span> <span class='ocrx_word' id='word_1_218' title='bbox 999 3232 1154 3305; x_wconf 85' lang='lat' dir='ltr'><strong>redolent</strong></span> <span class='ocrx_word' id='word_1_219' title='bbox 1179 3243 1274 3302; x_wconf 88' lang='lat' dir='ltr'><strong>aeta-</strong></span> 
     </span>
     <span class='ocr_line' id='line_1_30' title="bbox 42 3326 1349 3432; baseline 0.002 -31"><span class='ocrx_word' id='word_1_220' title='bbox 42 3424 43 3431; x_wconf 11' lang='lat'><em>*</em></span> <span class='ocrx_word' id='word_1_221' title='bbox 158 3342 246 3422; x_wconf 84' lang='lat' dir='ltr'><strong>tem,</strong></span> <span class='ocrx_word' id='word_1_222' title='bbox 272 3359 357 3427; x_wconf 82' lang='lat' dir='ltr'><strong>qua,</strong></span> <span class='ocrx_word' id='word_1_223' title='bbox 383 3326 574 3431; x_wconf 89' lang='lat' dir='ltr'><strong>eloq&#39;uentia</strong></span> <span class='ocrx_word' id='word_1_224' title='bbox 596 3337 672 3432; x_wconf 86' lang='lat' dir='ltr'><strong>jam</strong></span> <span class='ocrx_word' id='word_1_225' title='bbox 695 3338 824 3407; x_wconf 85' lang='lat' dir='ltr'><strong>felicius</strong></span> <span class='ocrx_word' id='word_1_226' title='bbox 846 3340 996 3427; x_wconf 84' lang='lat' dir='ltr'><strong>exculta,</strong></span> <span class='ocrx_word' id='word_1_227' title='bbox 1020 3344 1199 3431; x_wconf 85' lang='lat' dir='ltr'><strong>poetarum</strong></span> <span class='ocrx_word' id='word_1_228' title='bbox 1220 3338 1274 3404; x_wconf 84' lang='lat' dir='ltr'><strong>‹li-</strong></span> <span class='ocrx_word' id='word_1_229' title='bbox 1342 3353 1349 3368; x_wconf 82' lang='grc'><em>’</em></span> 
     </span>
     <span class='ocr_line' id='line_1_31' title="bbox 66 3437 1274 3535; baseline -0.007 -19"><span class='ocrx_word' id='word_1_230' title='bbox 66 3509 68 3516; x_wconf 89' lang='grc'><em>,</em></span> <span class='ocrx_word' id='word_1_231' title='bbox 160 3437 226 3504; x_wconf 86' lang='lat' dir='ltr'><strong>otio</strong></span> <span class='ocrx_word' id='word_1_232' title='bbox 242 3438 412 3530; x_wconf 88' lang='lat' dir='ltr'><strong>inquinata</strong></span> <span class='ocrx_word' id='word_1_233' title='bbox 426 3443 540 3512; x_wconf 88' lang='lat' dir='ltr'><strong>adhue</strong></span> <span class='ocrx_word' id='word_1_234' title='bbox 555 3451 628 3511; x_wconf 88' lang='lat' dir='ltr'><strong>erat</strong></span> <span class='ocrx_word' id='word_1_235' title='bbox 643 3464 762 3510; x_wconf 81' lang='lat' dir='ltr'><strong>caecae</strong></span> <span class='ocrx_word' id='word_1_236' title='bbox 777 3441 978 3535; x_wconf 85' lang='lat' dir='ltr'><strong>antiquitatis</strong></span> <span class='ocrx_word' id='word_1_237' title='bbox 998 3440 1171 3528; x_wconf 73' lang='lat' dir='ltr'><strong>eordibuS,</strong></span> <span class='ocrx_word' id='word_1_238' title='bbox 1187 3444 1274 3508; x_wconf 78' lang='lat' dir='ltr'><strong>&#39;ver-</strong></span> 
     </span>
     <span class='ocr_line' id='line_1_32' title="bbox 159 3543 1312 3636; baseline 0.003 -28"><span class='ocrx_word' id='word_1_239' title='bbox 159 3562 325 3631; x_wconf 87' lang='lat' dir='ltr'><strong>suumque</strong></span> <span class='ocrx_word' id='word_1_240' title='bbox 354 3569 531 3634; x_wconf 84' lang='lat' dir='ltr'><strong>numeros,</strong></span> <span class='ocrx_word' id='word_1_241' title='bbox 564 3566 631 3614; x_wconf 91' lang='lat' dir='ltr'><strong>uon</strong></span> <span class='ocrx_word' id='word_1_242' title='bbox 663 3543 838 3614; x_wconf 74' lang='lat' dir='ltr'><strong>destitutus</strong></span> <span class='ocrx_word' id='word_1_243' title='bbox 868 3544 1007 3636; x_wconf 73' lang='lat' dir='ltr'><strong>quidem</strong></span> <span class='ocrx_word' id='word_1_244' title='bbox 1033 3543 1067 3612; x_wconf 82' lang='lat' dir='ltr'><strong>vi</strong></span> <span class='ocrx_word' id='word_1_245' title='bbox 1089 3567 1130 3613; x_wconf 83' lang='lat' dir='ltr'><strong>aa</strong></span> <span class='ocrx_word' id='word_1_246' title='bbox 1151 3544 1275 3614; x_wconf 88' lang='lat' dir='ltr'><strong>robore</strong></span> <span class='ocrx_word' id='word_1_247' title='bbox 1311 3627 1312 3633; x_wconf 8' lang='grc' dir='ltr'>η</span> 
     </span>
    </p>
   </div>
   <div class='ocr_carea' id='block_1_11' title="bbox 158 3732 365 3749">
    <p class='ocr_par' dir='ltr' id='par_1_11' title="bbox 158 3732 365 3749">
     <span class='ocr_line' id='line_1_33' title="bbox 158 3732 365 3749; baseline 0.014 -3"><span class='ocrx_word' id='word_1_248' title='bbox 158 3732 365 3749; x_wconf 53' lang='lat' dir='ltr'><strong>’m</strong></span> 
     </span>
    </p>
   </div>
   <div class='ocr_carea' id='block_1_12' title="bbox 108 3841 1278 4332">
    <p class='ocr_par' dir='ltr' id='par_1_12' title="bbox 108 3841 1278 4332">
     <span class='ocr_line' id='line_1_34' title="bbox 227 3841 1277 3916; baseline 0.005 -23"><span class='ocrx_word' id='word_1_249' title='bbox 227 3841 259 3909; x_wconf 79' lang='lat' dir='ltr'><strong>a)</strong></span> <span class='ocrx_word' id='word_1_250' title='bbox 277 3844 319 3895; x_wconf 87' lang='lat' dir='ltr'><strong>De</strong></span> <span class='ocrx_word' id='word_1_251' title='bbox 331 3861 399 3898; x_wconf 88' lang='lat' dir='ltr'><strong>auno</strong></span> <span class='ocrx_word' id='word_1_252' title='bbox 408 3845 542 3916; x_wconf 75' lang='lat' dir='ltr'><strong>Propertii</strong></span> <span class='ocrx_word' id='word_1_253' title='bbox 552 3844 637 3900; x_wconf 84' lang='lat' dir='ltr'><strong>natali</strong></span> <span class='ocrx_word' id='word_1_254' title='bbox 649 3861 701 3899; x_wconf 91' lang='lat' dir='ltr'><strong>non</strong></span> <span class='ocrx_word' id='word_1_255' title='bbox 716 3861 769 3899; x_wconf 90' lang='lat' dir='ltr'><strong>uua</strong></span> <span class='ocrx_word' id='word_1_256' title='bbox 783 3850 823 3900; x_wconf 84' lang='lat' dir='ltr'><strong>ert</strong></span> <span class='ocrx_word' id='word_1_257' title='bbox 835 3843 959 3898; x_wconf 84' lang='lat' dir='ltr'><strong>Virorum</strong></span> <span class='ocrx_word' id='word_1_258' title='bbox 970 3846 1116 3897; x_wconf 77' lang='lat' dir='ltr'><strong>Doctorum</strong></span> <span class='ocrx_word' id='word_1_259' title='bbox 1136 3845 1277 3899; x_wconf 80' lang='lat' dir='ltr'><strong>sententiar</strong></span> 
     </span>
     <span class='ocr_line' id='line_1_35' title="bbox 160 3908 1278 3984; baseline 0.008 -25"><span class='ocrx_word' id='word_1_260' title='bbox 160 3908 268 3976; x_wconf 78' lang='lat' dir='ltr'><strong>vulpior</strong></span> <span class='ocrx_word' id='word_1_261' title='bbox 281 3926 306 3966; x_wconf 90' lang='lat' dir='ltr'><strong>a.</strong></span> <span class='ocrx_word' id='word_1_262' title='bbox 319 3914 353 3966; x_wconf 86' lang='lat' dir='ltr'><strong>U.</strong></span> <span class='ocrx_word' id='word_1_263' title='bbox 367 3916 396 3968; x_wconf 87' lang='lat' dir='ltr'><strong>c.</strong></span> <span class='ocrx_word' id='word_1_264' title='bbox 406 3916 477 3981; x_wconf 60' lang='lat' dir='ltr'><strong>oto„</strong></span> <span class='ocrx_word' id='word_1_265' title='bbox 495 3916 543 3971; x_wconf 87' lang='lat' dir='ltr'><strong>alii</strong></span> <span class='ocrx_word' id='word_1_266' title='bbox 557 3932 582 3970; x_wconf 85' lang='lat' dir='ltr'><strong>a.</strong></span> <span class='ocrx_word' id='word_1_267' title='bbox 597 3915 631 3968; x_wconf 87' lang='lat' dir='ltr'><strong>ll.</strong></span> <span class='ocrx_word' id='word_1_268' title='bbox 644 3915 675 3967; x_wconf 81' lang='lat'><strong>0.</strong></span> <span class='ocrx_word' id='word_1_269' title='bbox 686 3913 749 3969; x_wconf 69' lang='lat' dir='ltr'><strong>aba.</strong></span> <span class='ocrx_word' id='word_1_270' title='bbox 760 3921 853 3969; x_wconf 86' lang='lat' dir='ltr'><strong>natum</strong></span> <span class='ocrx_word' id='word_1_271' title='bbox 867 3931 928 3970; x_wconf 88' lang='lat' dir='ltr'><strong>eum</strong></span> <span class='ocrx_word' id='word_1_272' title='bbox 939 3931 996 3968; x_wconf 77' lang='lat' dir='ltr'><strong>enea</strong></span> <span class='ocrx_word' id='word_1_273' title='bbox 1010 3913 1108 3966; x_wconf 83' lang='lat' dir='ltr'><strong>dieunt.</strong></span> <span class='ocrx_word' id='word_1_274' title='bbox 1142 3914 1202 3984; x_wconf 78' lang='lat' dir='ltr'><strong>Ego</strong></span> <span class='ocrx_word' id='word_1_275' title='bbox 1214 3932 1278 3984; x_wconf 86' lang='lat' dir='ltr'><strong>pro·</strong></span> 
     </span>
     <span class='ocr_line' id='line_1_36' title="bbox 159 3976 1278 4050; baseline 0.008 -21"><span class='ocrx_word' id='word_1_276' title='bbox 159 3976 316 4034; x_wconf 78' lang='lat' dir='ltr'><strong>habiliorem</strong></span> <span class='ocrx_word' id='word_1_277' title='bbox 333 3985 425 4038; x_wconf 76' lang='lat' dir='ltr'><strong>ueteris</strong></span> <span class='ocrx_word' id='word_1_278' title='bbox 441 3985 544 4040; x_wconf 84' lang='lat' dir='ltr'><strong>Barthii</strong></span> <span class='ocrx_word' id='word_1_279' title='bbox 564 3982 719 4038; x_wconf 72' lang='lat' dir='ltr'><strong>umanum</strong></span> <span class='ocrx_word' id='word_1_280' title='bbox 739 3989 844 4039; x_wconf 77' lang='lat' dir='ltr'><strong>reantur</strong></span> <span class='ocrx_word' id='word_1_281' title='bbox 863 4000 939 4050; x_wconf 80' lang='lat' dir='ltr'><strong>anm,</strong></span> <span class='ocrx_word' id='word_1_282' title='bbox 962 3981 1008 4050; x_wconf 88' lang='lat' dir='ltr'><strong>qui</strong></span> <span class='ocrx_word' id='word_1_283' title='bbox 1026 3982 1159 4049; x_wconf 85' lang='lat' dir='ltr'><strong>Propertii</strong></span> <span class='ocrx_word' id='word_1_284' title='bbox 1178 3985 1278 4038; x_wconf 75' lang='lat' dir='ltr'><strong>natales</strong></span> 
     </span>
     <span class='ocr_line' id='line_1_37' title="bbox 160 4050 1278 4122; baseline 0.006 -22"><span class='ocrx_word' id='word_1_285' title='bbox 160 4062 228 4101; x_wconf 86' lang='lat' dir='ltr'><strong>anno</strong></span> <span class='ocrx_word' id='word_1_286' title='bbox 240 4050 273 4102; x_wconf 85' lang='lat' dir='ltr'><strong>U.</strong></span> <span class='ocrx_word' id='word_1_287' title='bbox 285 4050 315 4105; x_wconf 80' lang='grc'><strong>0.</strong></span> <span class='ocrx_word' id='word_1_288' title='bbox 332 4051 393 4106; x_wconf 68' lang='lat'><strong>7⁰2.</strong></span> <span class='ocrx_word' id='word_1_289' title='bbox 406 4054 482 4115; x_wconf 79' lang='lat' dir='ltr'><strong>dueta</strong></span> <span class='ocrx_word' id='word_1_290' title='bbox 495 4054 618 4110; x_wconf 77' lang='lat' dir='ltr'><strong>vindieat.</strong></span> <span class='ocrx_word' id='word_1_291' title='bbox 651 4054 710 4108; x_wconf 90' lang='lat' dir='ltr'><strong>Non</strong></span> <span class='ocrx_word' id='word_1_292' title='bbox 720 4055 810 4119; x_wconf 83' lang='lat' dir='ltr'><strong>major</strong></span> <span class='ocrx_word' id='word_1_293' title='bbox 820 4069 958 4107; x_wconf 66' lang='lat' dir='ltr'><strong>eorumne</strong></span> <span class='ocrx_word' id='word_1_294' title='bbox 969 4055 1008 4104; x_wconf 78' lang='lat' dir='ltr'><strong>eet</strong></span> <span class='ocrx_word' id='word_1_295' title='bbox 1020 4051 1054 4103; x_wconf 74' lang='lat' dir='ltr'><strong>«le</strong></span> <span class='ocrx_word' id='word_1_296' title='bbox 1067 4056 1202 4120; x_wconf 81' lang='lat' dir='ltr'><strong>tempora,</strong></span> <span class='ocrx_word' id='word_1_297' title='bbox 1224 4069 1278 4122; x_wconf 79' lang='lat' dir='ltr'><strong>quo</strong></span> 
     </span>
     <span class='ocr_line' id='line_1_38' title="bbox 160 4114 1278 4190; baseline 0.007 -22"><span class='ocrx_word' id='word_1_298' title='bbox 160 4114 313 4184; x_wconf 84' lang='lat' dir='ltr'><strong>Propertius</strong></span> <span class='ocrx_word' id='word_1_299' title='bbox 337 4122 520 4176; x_wconf 73' lang='lat' dir='ltr'><strong>carminatur</strong></span> <span class='ocrx_word' id='word_1_300' title='bbox 541 4122 674 4190; x_wconf 70' lang='lat' dir='ltr'><strong>arripuerit</strong></span> <span class='ocrx_word' id='word_1_301' title='bbox 691 4128 718 4176; x_wconf 87' lang='lat' dir='ltr'><strong>et</strong></span> <span class='ocrx_word' id='word_1_302' title='bbox 734 4122 853 4177; x_wconf 60' lang='lat' dir='ltr'><strong>mitent.</strong></span> <span class='ocrx_word' id='word_1_303' title='bbox 891 4119 1000 4174; x_wconf 78' lang='lat' dir='ltr'><strong>Erudite</strong></span> <span class='ocrx_word' id='word_1_304' title='bbox 1021 4120 1074 4173; x_wconf 83' lang='lat' dir='ltr'><strong>boe</strong></span> <span class='ocrx_word' id='word_1_305' title='bbox 1093 4129 1278 4190; x_wconf 70' lang='lat' dir='ltr'><strong>argumentum</strong></span> 
     </span>
     <span class='ocr_line' id='line_1_39' title="bbox 160 4187 1276 4259; baseline 0.01 -21"><span class='ocrx_word' id='word_1_306' title='bbox 160 4187 415 4244; x_wconf 76' lang='lat' dir='ltr'><strong>traeavttltebbim</strong></span> <span class='ocrx_word' id='word_1_307' title='bbox 436 4190 587 4258; x_wconf 83' lang='lat' dir='ltr'><strong>inSpeeinr.</strong></span> <span class='ocrx_word' id='word_1_308' title='bbox 601 4191 749 4245; x_wconf 83' lang='lat' dir='ltr'><strong>Observatt.</strong></span> <span class='ocrx_word' id='word_1_309' title='bbox 768 4192 796 4245; x_wconf 88' lang='lat' dir='ltr'><strong>iu</strong></span> <span class='ocrx_word' id='word_1_310' title='bbox 807 4190 940 4258; x_wconf 69' lang='lat' dir='ltr'><strong>Propertii</strong></span> <span class='ocrx_word' id='word_1_311' title='bbox 951 4189 1085 4243; x_wconf 65' lang='lat' dir='ltr'><strong>carmina·</strong></span> <span class='ocrx_word' id='word_1_312' title='bbox 1106 4190 1177 4259; x_wconf 74' lang='lat' dir='ltr'><strong>lrips.</strong></span> <span class='ocrx_word' id='word_1_313' title='bbox 1198 4193 1276 4246; x_wconf 82' lang='grc'>1818.</span> 
     </span>
     <span class='ocr_line' id='line_1_40' title="bbox 108 4255 1077 4332; baseline 0.004 -24"><span class='ocrx_word' id='word_1_314' title='bbox 108 4328 111 4332; x_wconf 7' lang='grc' dir='ltr'>ι</span> <span class='ocrx_word' id='word_1_315' title='bbox 161 4255 284 4310; x_wconf 78' lang='lat' dir='ltr'><strong>Pallami</strong></span> <span class='ocrx_word' id='word_1_316' title='bbox 295 4258 328 4309; x_wconf 78' lang='lat' dir='ltr'><strong>aa</strong></span> <span class='ocrx_word' id='word_1_317' title='bbox 344 4258 417 4312; x_wconf 80' lang='lat' dir='ltr'><strong>Libri</strong></span> <span class='ocrx_word' id='word_1_318' title='bbox 431 4260 473 4312; x_wconf 86' lang='lat' dir='ltr'><strong>lV.</strong></span> <span class='ocrx_word' id='word_1_319' title='bbox 490 4260 584 4329; x_wconf 73' lang='lat' dir='ltr'><strong>elegiis</strong></span> <span class='ocrx_word' id='word_1_320' title='bbox 594 4260 708 4330; x_wconf 76' lang='lat' dir='ltr'><strong>auspicio</strong></span> <span class='ocrx_word' id='word_1_321' title='bbox 719 4276 878 4331; x_wconf 75' lang='lat' dir='ltr'><strong>magnopere</strong></span> <span class='ocrx_word' id='word_1_322' title='bbox 889 4257 957 4312; x_wconf 86' lang='lat' dir='ltr'><strong>milri</strong></span> <span class='ocrx_word' id='word_1_323' title='bbox 970 4258 1077 4314; x_wconf 74' lang='lat' dir='ltr'><strong>arridet</strong></span> 
     </span>
    </p>
   </div>
   <div class='ocr_carea' id='block_1_13' title="bbox 0 0 1401 4838">
    <p class='ocr_par' dir='ltr' id='par_1_13' title="bbox 0 0 1401 4838">
     <span class='ocr_line' id='line_1_41' title="bbox 0 0 1401 4838; baseline 0 0"><span class='ocrx_word' id='word_1_324' title='bbox 0 0 1401 4838; x_wconf 95' lang='lat' dir='ltr'><strong> </strong></span> 
     </span>
    </p>
   </div>
  </div>
 </body>
</html>
