2768 4838
136 276 214 353 14⁰
375 294 430 352 nu
454 296 489 351 c.
512 298 690 354 arcturo
715 295 860 350 canno
882 296 1041 350 uonna.

20 484 23 499 ·
134 482 260 533 manen
278 456 407 529 noent
420 462 565 551 poetae3
600 454 738 528 Osonui
755 454 983 549 conjecturam
1003 453 1094 525 omni
1113 452 1250 525 dubita·

134 567 227 635 tione
247 558 370 632 exemit
390 558 606 630 Hennannus
625 560 648 628 Ι.
671 582 701 629 c.
723 581 759 652 p.
785 559 890 646 xlx,
921 560 981 649 qui
999 558 1122 627 eodem
1143 559 1251 629 modo

17 680 19 685 ’
133 654 427 759 Fulgentiilocum
440 661 646 732 emacularit.
698 660 824 746 Quidni
842 661 944 755 igitur
956 670 1092 754 poterut
1107 660 1250 754 Sopho-

133 770 193 839 clis
204 769 378 838 Electram
391 766 519 835 comica
531 772 704 835 venustus
715 773 861 833 tractne
874 765 1024 850 Attiiius,
1041 786 1144 856 quem
1156 764 1260 835 Poe-'

131 882 203 941 tam
225 869 403 940 Comicum
424 868 529 937 fuisso
551 867 675 936 diserte
695 876 836 936 testatur
860 866 1039 937 Volcatius
1060 866 1251 961 Sedigitas
1324 926 1326 933 .

130 976 167 1046 in
180 971 290 1045 Libro
311 972 359 1041 dc
372 970 493 1041 Poetis
509 994 565 1066 ap.
584 970 733 1039 Gellium
743 970 788 1039 N.
803 970 846 1039 A.
860 969 938 1039 Lib.
952 969 1030 1040 XV.
1048 992 1079 1039 c.
1094 968 1156 1044 24.

238 1074 394 1146 Coen‘iio
402 1074 567 1168 patmum
585 1070 703 1144 Statio
714 1072 764 1142 do
776 1073 941 1143 comico:-

233 1177 390 1249 Ptoutas
401 1175 700 1271 semodussocitc
714 1184 907 1270 exsuperat
918 1180 1064 1248 ceteros.

164 1316 167 1323 ·
231 1276 328 1353 Dein
339 1276 514 1370 Nucerina,
538 1280 600 1372 qm·
605 1277 729 1373 seruet
736 1279 895 1373 pretium
907 1279 1059 1348 tertium.

233 1382 278 1455 so·
292 1383 377 1469 erit,
401 1382 498 1477 quod
512 1389 640 1475 quone
653 1381 779 1468 detur,
804 1380 952 1451 dubitur
965 1378 1111 1451 Licinio.

232 1486 321 1557 Post
334 1487 467 1580 insequi
482 1483 766 1579 Liciniumsucio
780 1485 954 1561 Aniciana

232 1588 727 1681 Ineaxtoseqaiturhoeloco
747 1587 947 1674 Terentius,
974 1595 1038 1658 etc.

129 1693 177 1762 ita
188 1690 255 1763 hos
270 1714 383 1761 versus
397 1689 640 1760 emendatiores
664 1690 758 1760 dedit
780 1687 945 1760 Oeunnue
969 1692 1005 1759 in
1026 1688 1134 1759 Anat.
1160 1687 1247 1761 citt.

105 1784 167 1889 ¹p.
189 1794 224 1866 8.
275 1794 446 1864 Volcatius
467 1794 639 1888 Sedigitus
658 1793 761 1887 igitur
781 1785 913 1863 Attilio¹
929 1795 1079 1885 quintum
1101 1794 1249 1885 assignat

129 1900 216 1968 inter
247 1897 405 1978 comicos
432 1904 545 1966 locum
570 1892 650 1990 post
670 1896 836 1965 Licinium
862 1897 1060 1983 Imbrieem,
1102 1918 1249 1986 enmqae

127 1986 309 2094 praepedit
322 2001 410 2096 adeo
424 1999 604 2070 Terentio:
620 1999 714 2091 quod
727 2000 863 2068 miratur
875 2000 1031 2092 Scaliger
1044 1999 1089 2067 ad
1105 1998 1248 2067 Varron.

129 2103 219 2174 d.·L.
233 2102 277 2176 L.
294 2102 352 2173 vl.
364 2127 401 2197 p.
417 2101 502 2175 284.
522 2102 566 2172 Τ.
580 2102 624 2170 11.
643 2102 723 2194 Bip.
745 2103 926 2171 Praeterea
951 2102 1072 2171 Cicero
1091 2102 1136 2169 ad
1157 2103 1249 2171 Atti-

129 2228 208 2275 cum
220 2205 298 2275 Lib.
310 2206 405 2283 XIV.
420 2204 480 2276 2⁰.
496 2204 629 2277 scribit:
654 2225 791 2301 ,quare
803 2206 879 2278 aine
893 2226 1024 2301 aarum
1039 2203 1107 2275 eibi
1125 2227 1249 2299 quern-

127 2330 196 2405 qua
210 2307 387 2380 scribere:
419 2370 423 2379 .
976 2310 979 2315 ’

232 2411 350 2486 Suum
371 2412 496 2508 caiqrce
510 2432 697 2509 enmono,
720 2412 809 2483 mihi
826 2432 965 2504 meom3
1001 2432 1104 2481 ertum
1123 2410 1249 2506 maique

417 2574 420 2579 ,
623 2536 799 2604 amorem,
822 2515 911 2584 mitri
927 2536 1055 2589 meum.

126 2615 210 2688 Non
225 2618 331 2689 scite:
361 2614 430 2687 hoa
449 2616 542 2688 euim
560 2616 725 2706 mutan,
745 2625 858 2711 poeto
877 2616 1126 2716 durissimus&
1157 2639 1248 2708 quae

126 2722 231 2789 verba
254 2742 356 2791 rocco
385 2719 540 2814 digniora
566 2743 656 2808 esse,
697 2742 800 2812 qnam
823 2720 1007 2809 cothurno,
1046 2743 1147 2788 nemo
1174 2721 1247 2809 erit,

126 2825 207 2915 quin
221 2824 375 2893 fateatur.
408 2824 576 2917 Imprimis
593 2846 674 2894 vero
691 2822 761 2894 huc
777 2825 922 2917 pertinet
936 2825 1019 2892 alius
1033 2824 1129 2892 locus
1144 2823 1247 2893 Cice-

125 2927 216 2996 ronis
235 2926 339 2997 Tusc.
352 2925 397 3011 Q.
410 2926 488 2996 Lib.
495 2927 554 2997 IV.
573 2948 602 2995 c.
621 2924 694 3015 ll.‚
708 2928 767 2996 ubi
779 2927 883 2997 haec:
913 2924 1018 3023 Quae
1030 2934 1150 2996 umen
1166 2932 1248 2995 eunt

127 3030 183 3100 hie
197 3029 396 3114 contrusio,
426 3052 472 3100 eu
484 3031 584 3100 nosci
592 3037 769 3122 pneuma·
785 3053 811 3100 u
829 3038 947 3120 metu3
971 3038 1010 3098 ut
1031 3027 1146 3097 odium
1167 3051 1247 3098 mu-

126 3133 263 3224 lierum,
289 3131 398 3226 quale
418 3133 456 3204 in
467 3126 651 3228 μισογύνῳ
665 3132 783 3204 Attilii
804 3140 865 3202 est.
915 3132 983 3200 Hic
1004 3131 1175 3200 Ciceronis
1191 3132 1247 3201 lo-

128 3260 186 3306 cus
201 3235 391 3316 Bathinus,
417 3237 475 3329 qui
492 3237 528 3305 in
541 3235 640 3305 Poct-
654 3236 735 3305 Lut.
754 3234 855 3308 Scan.
870 3234 946 3305 Vol.
961 3234 1094 3304 v.-P.1.
1109 3258 1145 3327 p.
1158 3233 1245 3304 254.

126 3340 243 3409 Attilio
255 3340 369 3408 locum
381 3339 467 3407 inter
475 3339 640 3432 Tragicos
648 3340 879 3407 Romanorum
891 3346 1011 3431 poetas
1025 3336 1131 3424 dedit,
1147 3362 1247 3430 pror·

127 3466 183 3511 ens
215 3443 352 3531 latuisse
379 3432 529 3527 ridetur,
568 3442 631 3509 nisi
662 3440 751 3511 forte
777 3442 949 3534 amplexus
973 3448 1024 3510 est
1050 3442 1246 3510 sententiam

125 3544 290 3638 Bentleji‚
316 3544 375 3636 qni
387 3544 469 3615 hnic
488 3543 659 3614 Ciceronis
676 3546 754 3613 loco
768 3545 802 3613 in
817 3542 1116 3614 Emendationibus
1139 3543 1185 3611 ad
1199 3542 1245 3628 Q.

125 3648 229 3717 Tusc.
245 3648 469 3718 Daoieianoe
481 3646 632 3715 Editioni
652 3669 674 3714 a
686 3646 823 3717 Rathio
843 3647 1000 3741 subjectis
1022 3670 1059 3740 p.
1077 3644 1137 3714 63.
1160 3667 1246 3713 con-

125 3751 321 3819 troversiam
335 3753 451 3839 movit,
465 3759 499 3820 et
515 3749 686 3819 Ciceronis
703 3751 810 3820 verba
823 3750 997 3843 ingeniose
1013 3749 1159 3839 quidem,
1183 3749 1262 3818 sed*

124 3853 285 3923 audacter
293 3854 339 3921 ita
345 3854 492 3924 retinxit:
506 3852 673 3921 etodium
686 3854 723 3922 iu
736 3854 912 3947 mutieres,
926 3853 1032 3946 quate
1045 3844 1246 3945 μισογύνου

123 3956 312 4050 Hippolyti
326 3964 394 4026 est:
408 3966 510 4047 atque
526 3954 641 4025 Attilii
656 3979 780 4025 nomen
786 3964 887 4025 textu
891 3977 1030 4048 prorsus
1045 3956 1246 4025 extermina-

125 4061 182 4133 vit.
205 4058 359 4129 Davisius
375 4057 533 4130 excodd.
542 4056 626 4129 Mes.
639 4059 745 4129 aneso
756 4058 845 4152 gina
857 4059 914 4129 vel
926 4058 1032 4127 mineo
1045 4078 1143 4150 gauno
1156 4058 1248 4126 Atili

125 4163 283 4251 enotavit,
308 4169 345 4230 ct
358 4185 462 4254 quum
477 4162 512 4230 in
524 4161 695 4231 Prisciano
708 4161 786 4232 Lib.
793 4160 917 4231 xvffl.
933 4183 962 4228 c.
973 4154 1034 4230 25.
1046 4182 1082 4252 p.
1098 4158 1184 4227 228.
1200 4159 1245 4232 Τ.

125 4266 168 4336 ΙΙ.
181 4266 245 4339 Kr.
260 4267 410 4363 legatio:
434 4264 541 4336 Idem
558 4263 782 4358 osanna)
797 4264 833 4334 in
847 4262 1060 4357 Misogyno:
1084 4262 1245 4356 suspicari
