2768 4838
163 328 241 404 133
405 348 460 400 on
485 334 517 400 c'.
541 347 709 399 unnrro
733 347 874 417 praru
898 343 1061 400 ronan.
1121 403 1125 409 ,

168 506 257 578 cavit
268 506 432 592 Patruus,
459 503 539 573 licet
552 487 617 596 pro
632 502 766 573 moven’
777 502 884 596 priori
899 524 999 570 versu
1017 499 1153 569 mallem
1168 496 1292 584 teneri,

168 611 272 702 idest
291 609 469 677 abitinere
491 608 643 694 retineri,
676 607 755 697 quia
779 606 913 674 moveri
937 615 972 673 et
994 605 1165 671 movimus
1196 603 1292 670 nimis
1376 658 1381 665 .

170 715 279 784 vicina
291 710 477 781 offendunt.
527 711 579 778 lta
599 730 741 778 movere
761 715 887 777 cumas
902 730 956 800 ap.
973 707 1093 799 Virgil.
1113 704 1186 773 Vll.
1205 709 1290 774 Aen.

168 813 256 886 (544.
272 822 306 883 et
317 814 360 883 X.
377 812 460 882 163.
487 820 521 880 et
544 834 690 881 carmen
711 833 773 881 ore
791 832 898 880 sacro
921 832 1064 878 monem
1080 807 1181 876 Ovid.
1197 808 1290 878 XIV.

167 919 255 989 Met.
274 914 335 985 21.
350 924 385 985 et
400 915 487 983 alibi
521 915 619 983 Haec
637 914 875 984 Bormaamss.
909 914 950 981 ln
964 912 1077 982 Ovidii
1091 913 1167 978 loco
1180 911 1289 1002 Epist.

168 1021 244 1092 Vll.
262 1018 318 1106 4..
343 1028 381 1087 ut
401 1018 470 1086 lroc
492 1018 602 1087 obiter
623 1040 797 1107 moneam,
828 1016 912 1085 nihil
937 1026 989 1084 est
1012 1014 1239 1083 mutandumz·
1256 1015 1291 1081 in

169 1123 325 1216 ejusdem
338 1122 430 1190 vocis
452 1122 651 1212 repetitione
669 1120 830 1200 Ovidius,
860 1120 1061 1206 utassolet‚
1087 1140 1231 1185 acumen
1256 1125 1291 1185 et

166 1228 277 1295 lusum
291 1222 387 1292 verbi
403 1225 553 1314 quaerit3
578 1247 697 1315 neque·
709 1225 880 1292 movimus
895 1222 941 1289 ibi
958 1231 1009 1289 est
1025 1221 1202 1306 canimus,
1228 1219 1291 1287 sed

23 1394 35 1403 ..
166 1329 386 1414 instituimus,
412 1348 581 1400 conamur.
633 1329 709 1396 Nec
733 1327 841 1419 magis
861 1324 943 1393 mihi
962 1326 1078 1416 placet
1100 1325 1135 1391 in
1163 1322 1290 1391 Cinnae

166 1453 268 1500 versu
281 1451 423 1498 movere
442 1430 547 1522 ignes
560 1451 625 1523 pro
645 1430 842 1516 decantare,
868 1429 1015 1496 carmine
1031 1426 1223 1495 describere
1242 1425 1290 1492 si-

166 1533 249 1604 dera
264 1553 449 1622 eorumque
463 1554 615 1601 cursum:
642 1532 736 1621 quod
752 1533 855 1624 ipsius
875 1532 971 1600 verbi
985 1531 1069 1598 ratio
1085 1538 1119 1598 et
1131 1551 1209 1597 usus
1225 1527 1290 1595 do-

166 1644 231 1708 cet
280 1635 370 1705 Nam
383 1655 544 1726 movere,
570 1635 618 1703 uti
635 1634 696 1703 Gr.
715 1641 837 1720 κινεῖν,
854 1635 1059 1703 eminentiori
1072 1655 1171 1702 sensu
1190 1628 1289 1699 adhi-

165 1739 267 1808 betur
286 1736 433 1805 derasis
455 1738 626 1827 rebusque
642 1737 763 1823 sacris,
790 1761 878 1827 quae
899 1761 941 1806 ex
961 1737 1079 1828 templi
1102 1735 1205 1825 adyto
1227 1755 1289 1802 er-

163 1849 343 1934 portantur
356 1863 377 1907 a
390 1839 620 1909 sacerdotibus
641 1848 676 1909 et
690 1841 830 1908 solemni
851 1863 981 1934 pompa
995 1839 1288 1907 circumferuntur:

167 1943 247 2012 vide
271 1943 316 2011 de
344 1953 490 2033 utroque
519 1943 687 2011 vocabulo
718 1942 846 2013 Duker.
879 1944 926 2012 ad
957 1937 1287 2033 Thucyd.v1.ro.‚

165 2040 477 2138 Schweighaeuser.
492 2044 537 2112 ad
550 2046 698 2139 Appian.
721 2045 753 2113 d.
769 2046 811 2112 B.
831 2045 870 2116 G.
885 2047 928 2114 ll.
946 2071 974 2113 c.
995 2043 1069 2133 45„
1095 2043 1230 2114 Servius
1243 2041 1290 2109 ad

164 2147 283 2240 virgil
299 2150 388 2217 Aen.
403 2148 460 2218 lll.
478 2146 565 2215 301.
589 2160 624 2217 et
643 2171 726 2238 quos
743 2149 860 2216 laudat
872 2148 1083 2219 Burmannus
1105 2147 1150 2214 ad
1174 2146 1286 2213 Valer.

164 2249 278 2319 Flacc.
295 2250 353 2322 lll.
371 2249 458 2320 232.
483 2251 536 2318 Ita
549 2250 715 2322 Herodot.
729 2252 787 2324 Vl.
808 2251 894 2324 134.
921 2251 965 2320 de
980 2250 1137 2319 Miltiade
1154 2248 1287 2317 Cereris

148 2354 329 2446 templum
345 2352 521 2423 introituro
539 2354 600 2422 ait:
627 2356 700 2428 εἴτε
718 2349 914 2451 κινήσοντά
938 2384 973 2427 τι
999 2355 1073 2428 suiv
1096 2345 1290 2448 α’κινήτων,

115 2478 118 2483 ’
164 2479 262 2525 sensu
280 2456 419 2546 quidem
439 2456 589 2544 diverso,
616 2457 677 2525 sed
694 2468 807 2523 tamen
820 2469 858 2525 ut
877 2459 934 2525 illa
955 2458 1151 2550 significatio
1172 2455 1286 2523 subsit.

164 2558 297 2627 Deinde
320 2558 484 2626 efferendi
509 2559 645 2626 notione
674 2569 853 2650 usurpatur
884 2562 1087 2654 impropria,
1120 2561 1166 2627 ita
1186 2567 1223 2626 ut
1246 2557 1287 2625 sit

165 2660 292 2750 aliquid
306 2682 466 2728 arcanum
481 2683 659 2752 promere,
685 2662 915 2753 manifestare,
943 2665 1072 2754 eloqui,
1097 2662 1286 2730 declararet

165 2763 210 2833 cf.
224 2763 369 2855 Bentlej.
385 2764 430 2832 ad
442 2764 564 2832 Horat.
581 2765 640 2833 lll.
664 2765 721 2833 od.
749 2764 879 2852 120„
907 2790 1010 2856 quare
1035 2768 1080 2834 de
1102 2766 1232 2833 vatibus
1251 2772 1287 2832 et

164 2866 275 2958 poetis
306 2866 443 2954 dicitur,
471 2869 529 2956 qui
551 2891 625 2936 rem
647 2868 793 2958 aliquam
820 2880 1010 2960 exponunt,
1047 2870 1287 2960 depromptam

163 2968 255 3035 illam
272 2970 457 3053 exanimo,
483 2980 656 3059 tamquam
673 2972 754 3040 sede
769 2972 825 3039 dei
841 2975 932 3064 ipsos
947 2975 1090 3040 efflantis
1114 2981 1148 3040 et
1169 2970 1286 3062 adspi-

162 3071 282 3140 rantis:
308 3094 410 3162 quem
424 3072 647 3165 significatum
663 3074 764 3142 docte
785 3075 983 3144 illustratum
999 3076 1093 3144 dedit
1106 3075 1216 3143 Bach.
1239 3072 1286 3141 ad

162 3172 288 3242 'libull
303 3175 363 3260 lv,
379 3174 413 3262 l,
431 3173 491 3243 26.
505 3198 539 3267 p.
557 3175 664 3262 228„
689 3200 800 3265 neque
813 3179 878 3245 alia
896 3180 1015 3246 virtute
1030 3178 1219 3271 Sophocles
1242 3177 1286 3244 il·

161 3274 222 3344 lud
238 3281 388 3350 ἐκκινεῖν
404 3279 577 3371 usurpavit
597 3281 631 3347 in
647 3278 784 3379 Oedipo
803 3278 887 3370 Tyr.
907 3305 939 3354 v.
959 3279 1065 3370 354„
1091 3283 1150 3350 ubi
1174 3280 1284 3350 Oedi·
1355 3337 1361 3345 ,

160 3400 235 3470 pus·
246 3379 291 3447 ad
304 3379 470 3449 Tiresiam
486 3391 614 3450 vatem:
652 3381 781 3463 Οὕτως,
799 3377 953 3464 ἀναιδῶς
976 3383 1185 3478 trostmar>
1196 3376 1284 3456 τόδε

160 3476 208 3553 vo*
230 3481 329 3579 ῥῆμα
337 3509 354 3574 ,·
376 3510 405 3555 a.
419 3511 453 3556 a.
469 3489 500 3557 λ.
515 3485 577 3553 sed
592 3486 695 3553 sicubi
709 3488 755 3552 ita
768 3484 905 3573 dicitur,
930 3511 1115 3578 numquam
1129 3510 1199 3554 nou
1218 3485 1283 3553 ad·
1379 3524 1383 3529 -

82 3669 89 3687 .
161 3580 250 3651 ditur
263 3593 404 3674 camus,
430 3607 593 3673 carmen,
619 3609 751 3675 versos,
766 3590 820 3657 vel
835 3591 940 3658 simile
956 3590 1055 3682 quid,
1082 3601 1119 3660 ut
1132 3590 1202 3682 jam
1216 3588 1284 3657 loci

160 3686 388 3758 aBurmanno
405 3689 494 3758 allati
517 3690 667 3759 docent„
704 3691 802 3775 Quae
824 3716 901 3761 curn
921 3695 967 3762 ita
988 3697 1068 3784 sint,
1096 3692 1213 3761 dubito
1238 3714 1283 3760 an

161 3791 321 3858 carmine
341 3793 485 3886 igneas.
498 3795 622 3864 stellas
635 3816 777 3862 movere
791 3796 887 3864 aliter
900 3799 1154 3889 quamproprie
1173 3818 1282 3885 eaque

46 3917 49 3924 ·
158 3889 273 3983 inepta
287 3895 414 3963 ratione
430 3894 496 3963 dici
513 3908 633 3987 queat,
660 3900 721 3966 nisi
746 3896 790 3966 de
810 3902 1010 3969 carminibus
1028 3910 1061 3968 et
1083 3900 1281 3983 incantatio-

158 3993 256 4062 nibus
286 4020 461 4090 magarum
492 4003 644 4093 cogitare
657 4030 659 4034 ·
672 4002 773 4090 velis,
813 4026 925 4091 neque
947 4027 1087 4095 possum
1120 4003 1281 4071 assentire

136 4094 294 4193 ¹Handio
310 4121 405 4189 meo,
432 4103 490 4190 qui
505 4104 551 4171 ad
569 4103 843 4181 GronoviiDiatr.
858 4107 941 4174 Stat.
957 4131 992 4198 p.
1002 4105 1088 4174 196.
1104 4108 1162 4175 illa
1175 4106 1281 4174 verba

28 4220 32 4227 ’
155 4200 322 4292 explicat:
351 4211 484 4272 motum
506 4207 693 4276 stellarum
716 4229 868 4277 cosme..
909 4208 987 4292 Qua
1005 4210 1296 4301 interpretatione,
1337 4251 1341 4257 ι
1366 4239 1371 4245 »

151 4301 257 4392 ἰΙΙιιιί,Δ
281 4304 376 4394 quod
391 4307 496 4398 paulo
510 4317 588 4378 aute
603 4311 716 4403 tetigi,
744 4310 936 4381 offensionis
959 4313 1165 4404 aliquatenus
1179 4308 1281 4411 {ulli-
1340 4372 1349 4388 ,
