2768 4838
418 302 493 352 -na
536 300 735 352 aosrro
778 302 958 354 roura.
1201 280 1250 352 lt

125 465 378 534 adnumeratur.
431 456 590 551 Hester,
619 460 847 556 mimographi
875 460 1067 555 cujusdam,
1098 452 1249 530 meminit

123 569 356 639 Tertullianus
378 567 528 659 Apolog.
560 589 591 636 c.
621 562 681 636 15.
717 565 923 658 „Dispicite
951 564 1180 633 tensaurum
1212 573 1247 633 et

129 669 590 756 Hostiuommuemarares,
615 678 734 739 utrum
748 670 872 738 minros
889 690 938 737 on
951 666 1051 740 Deos
1062 675 1197 737 vestros
1210 668 1245 736 r‘a

120 771 218 869 'jocis
237 795 284 842 cc
300 772 457 867 strophis
473 773 658 843 rideatis.“
707 773 810 844 Hunc
820 769 1096 866 mimograpbnm
1109 768 1246 840 Vossius

129 878 166 953 d.
181 876 341 952 Historia
350 876 429 945 Lat
449 878 472 950 l.
495 896 526 951 c.
547 876 669 946 dubins
694 884 765 961 est,
790 875 986 945 eumdemnr
1012 897 1086 946 esse
1113 880 1244 962 statuat,

123 1004 176 1050 aa
190 980 362 1049 diversum
380 980 425 1048 ab
439 980 583 1049 Hostilio
591 1033 606 1069 ,
630 980 811 1050 Annalium
826 977 1014 1072 scriptore?
1062 976 1160 1047 Haec
1179 978 1245 1046 im·

127 1083 282 1178 prudens
296 1090 330 1150 et
343 1083 433 1151 aliud
446 1083 541 1172 quasi
556 1106 664 1176 agens
679 1083 812 1175 scripsit
824 1081 982 1169 Vossius,
1005 1100 1116 1170 neque
1136 1088 1246 1149 atten-

130 1187 183 1256 dit
201 1185 360 1254 Prisciani
378 1186 511 1273 locum,
541 1186 576 1254 in
602 1207 672 1276 qno
699 1185 756 1253 hie
781 1183 960 1254 Annalium
985 1184 1129 1275 scriptor
1159 1184 1246 1252 inter

129 1289 370 1359 vetustissimos
394 1298 515 1381 poetas
543 1290 689 1381 ponitur.
741 1287 820 1374 Qua
840 1295 955 1356 antem
987 1294 1097 1355 aetate
1128 1286 1246 1356 vixerit

128 1392 292 1462 Hostilius
304 1391 578 1485 mimographus,
598 1393 761 1485 colligere
775 1392 854 1460 licet
867 1413 910 1459 ex
920 1390 1087 1459 mentione
1100 1388 1246 1477 Lentuli,

74 1570 82 1582 .
128 1493 357 1587 mimographi
388 1497 451 1563 sub
479 1494 671 1564 Domitiano
700 1486 885 1564 clarissimi:
923 1494 967 1563 cf.
994 1489 1173 1563 Scholiast.
1201 1493 1246 1565 od
1278 1496 1280 1501 ’
1318 1530 1321 1541 ·

131 1597 287 1668 Juvenal
302 1598 373 1668 Sat.
388 1597 478 1666 Vlll.
490 1621 522 1667 v.
536 1596 623 1668 187.
637 1622 674 1690 p.
695 1596 782 1667 340.
801 1596 861 1670 Cr.
886 1604 921 1665 et
938 1595 1084 1688 Ruperti
1104 1594 1181 1663 Vol
1200 1595 1244 1664 ll.

128 1725 169 1795 p.
184 1697 271 1768 491.
295 1701 436 1769 Rectius
451 1701 553 1792 igitur
566 1701 659 1770 idem
670 1699 809 1770 Vossius
823 1700 857 1768 d.
867 1698 955 1768 -lnst
970 1690 1066 1768 Post.
1086 1697 1180 1766 Libr.
1201 1696 1244 1765 ll.

130 1827 165 1877 c.
194 1800 256 1871 38.
276 1825 314 1895 p.
340 1802 425 1871 121.
451 1803 527 1872 vor
542 1804 602 1873 Ill.
629 1802 725 1897 Opp.
750 1802 932 1872 Hostilium
971 1798 1247 1894 mimograpbam

51 1912 64 1934 ⁴
128 1902 456 1996 Ieatnliaeqnalem
469 1906 572 1976 fnisse
583 1907 677 1975 dicit.
726 1906 841 1996 Atque
854 1904 1159 1975 abbocdiversnm
1173 1926 1247 1973 essa

130 2009 370 2101 cognominem
393 2009 572 2079 Annalium
605 2011 822 2102 scriptorem,
853 2008 907 2078 rcl
926 2029 970 2076 ex
998 2030 1041 2076 eo
1059 2015 1173 2100 potest
1192 2008 1246 2074 in-

130 2112 255 2204 telligi,
281 2112 377 2202 quod
389 2135 464 2181 mos
474 2113 655 2182 Annalium
666 2112 816 2182 versibus
833 2110 1116 2180 conficiendomm
1125 2108 1246 2179 Domi·

130 2215 212 2283 tiani
227 2223 339 2283 aetate
352 2215 480 2284 dudum
501 2216 722 2285 obsoleverat
773 2213 917 2284 Accedit
937 2213 1028 2281 aliud
1045 2212 1150 2303 idque
1170 2235 1246 2281 cer-

130 2318 195 2386 tius
209 2316 370 2387 indicium
383 2318 561 2411 temporis,
582 2341 650 2408 qno
664 2318 782 2387 vixerit
794 2319 850 2386 ille
864 2317 1042 2403 Hostilius,
1066 2317 1248 2408 repetitum

131 2443 176 2490 ex
201 2420 279 2506 illo,
310 2423 414 2511 quem
437 2422 625 2491 Priscianus
653 2423 812 2507 servavit,
852 2443 961 2491 versu.
1019 2419 1126 2506 Nam,
1159 2441 1247 2509 qnae

131 2523 226 2615 apud
242 2524 395 2613 antiquos
415 2525 503 2593 Latii
515 2533 634 2618 poetas
647 2525 683 2592 in
701 2548 764 2593 usu
775 2525 839 2593 luit
852 2524 981 2592 litterae
995 2522 1109 2590 sibilas
1130 2523 1163 2589 in
1185 2544 1246 2590 ex-

129 2626 245 2695 tremis
260 2627 461 2717 syllabis-
474 2649 518 2697 aa
531 2637 630 2721 et-
653 2629 685 2696 is
702 2629 812 2713 elisio,
838 2649 914 2695 eam
932 2626 969 2694 in
995 2623 1247 2694 desuetudinem

131 2728 262 2799 venisse
276 2729 449 2799 Ciceronis
461 2739 588 2816 aetate,
612 2731 791 2824 perspicue
818 2730 920 2799 docet
939 2729 1032 2797 locus
1054 2729 1088 2797 in
1110 2726 1246 2801 Orator.

132 2855 163 2904 c.
175 2829 237 2900 48.
259 2826 296 2926 §.
312 2830 398 2900 161.
437 2831 566 2928 „Quia
581 2835 706 2921 etiam,
732 2829 918 2926 quodjum
937 2829 1171 2901 autenticum
1191 2830 1247 2899 vi-

60 3018 63 3025 ,
101 3008 105 3015 ,
130 2935 258 3023 detur,
284 2935 369 3004 olim
389 2944 509 3005 uatem
531 2937 696 3028 politius,
723 2958 844 3005 eorum
864 2933 1068 3020 nodorum,
1098 2954 1247 3026 quomm

131 3038 284 3108 eaedem
313 3046 417 3107 erum
448 3048 653 3131 postremae
679 3039 776 3109 duae
800 3040 943 3127 literae,
981 3059 1075 3130 quae
1102 3043 1181 3107 suot
1209 3037 1246 3104 in

131 3151 307 3234 optumus,
335 3148 557 3233 postremam
576 3143 720 3212 literam
740 3139 995 3226 detrahebant,
1027 3139 1095 3210 oisr‘
1112 3138 1248 3209 voculis

131 3241 389 3338 bnepuedamr.
446 3244 509 3314 Ito
534 3268 602 3316 oon
632 3253 712 3315 erat
745 3268 790 3315 en
827 3241 974 3343 offensio
1007 3243 1045 3312 in
1078 3240 1247 3327 versibus,

131 3340 243 3441 quani
261 3369 354 3417 amoc
366 3345 523 3440 fugiunt
541 3357 674 3440 poetae
693 3348 820 3418 novi:“
853 3348 934 3437 ibiq.
953 3345 1059 3418 Henr·
1082 3343 1246 3435 Meyems

130 3474 168 3544 p.
198 3447 283 3521 114.
341 3450 464 3520 Cicero
493 3450 630 3541 quidem
650 3452 802 3545 juvenis,
836 3473 939 3542 quum
962 3449 1105 3517 Aratum
1127 3448 1246 3517 Latine

133 3560 360 3638 converteret,
386 3552 452 3621 hac
465 3564 618 3624 vetemm
631 3554 887 3641 consuetudine,
913 3551 975 3620 etsi
988 3551 1111 3638 rarius,
1135 3559 1248 3620 tamen

131 3664 289 3740 nauseat,
316 3657 394 3745 sed,
421 3679 491 3747 qno
512 3667 668 3751 tempore
689 3657 872 3728 Oratorem
893 3654 1042 3747 scripsit,
1068 3654 1198 3722 circiter
1214 3677 1245 3722 a.

131 3758 178 3829 U.
204 3758 247 3833 C.
265 3757 374 3845 ⁶1⁰9„
405 3760 468 3829 ista
494 3770 687 3852 postremae
715 3763 845 3830 litterae
872 3757 1035 3826 detractio
1065 3757 1248 3826 submstica

132 3860 206 3930 visa
220 3869 272 3930 est
286 3870 321 3930 et
333 3863 436 3930 vitata
450 3888 471 3931 a
483 3866 593 3957 poetis
607 3865 711 3937 norb.
754 3866 836 3935 dam
850 3883 955 3953 quum
968 3855 1162 3948 Hostilius,
1175 3863 1249 3929 An·
1278 3908 1281 3915 -

132 3962 261 4033 nubum
286 3965 444 4058 scriptor,
476 3962 688 4059 postremam·
711 3968 852 4036 litteram
880 3966 914 4033 in
934 3986 966 4034 v.
990 3962 1164 4056 portubus
1186 3962 1250 4032 de-

132 4067 290 4155 traxerit,
313 4069 527 4138 manil'estum
541 4079 610 4159 est,
636 4093 715 4141 enm
728 4092 797 4140 non
809 4069 918 4163 poetis
930 4068 1025 4134 novis
1047 4066 1126 4165 be.
1150 4063 1251 4135 Cice-

131 4170 223 4239 ronis
239 4171 326 4239 senis
341 4162 554 4261 aequalibus,
581 4174 643 4244 sed
657 4174 843 4260 veteribus,
868 4171 927 4260 qul
951 4178 1029 4237 ante
1052 4169 1251 4238 Ciceronem

131 4272 613 4379 undmgnbabtnaaa
663 4272 1253 4372 bmpcdnmmmmmsmmmmm
