<?xml version="1.0" encoding="UTF-8"?>
<!DOCTYPE html PUBLIC "-//W3C//DTD XHTML 1.0 Transitional//EN"
    "http://www.w3.org/TR/xhtml1/DTD/xhtml1-transitional.dtd">
<html xmlns="http://www.w3.org/1999/xhtml" xml:lang="en" lang="en">
 <head>
  <title>
</title>
<meta http-equiv="Content-Type" content="text/html;charset=utf-8" />
  <meta name='ocr-system' content='tesseract 3.04.00' />
  <meta name='ocr-capabilities' content='ocr_page ocr_carea ocr_par ocr_line ocrx_word'/>
</head>
<body>
  <div class='ocr_page' id='page_1' title='image "./poetarumlatinor01weicgoog_0440.png"; bbox 0 0 2768 4838; ppageno 0'>
   <div class='ocr_carea' id='block_1_1' title="bbox 273 252 1289 355">
    <p class='ocr_par' dir='ltr' id='par_1_1' title="bbox 273 252 1289 355">
     <span class='ocr_line' id='line_1_1' title="bbox 273 252 1289 355; baseline 0.008 -9"><span class='ocrx_word' id='word_1_1' title='bbox 273 342 278 346; x_wconf 85' lang='lat'><em>.</em></span> <span class='ocrx_word' id='word_1_2' title='bbox 378 252 428 349; x_wconf 66' lang='lat' dir='ltr'><strong>ab</strong></span> <span class='ocrx_word' id='word_1_3' title='bbox 451 298 601 350; x_wconf 79' lang='lat' dir='ltr'><strong>mantra</strong></span> <span class='ocrx_word' id='word_1_4' title='bbox 624 300 817 353; x_wconf 72' lang='lat' dir='ltr'><strong>mansu</strong></span> <span class='ocrx_word' id='word_1_5' title='bbox 839 300 1093 353; x_wconf 76' lang='lat' dir='ltr'><strong>amaaroaa.</strong></span> <span class='ocrx_word' id='word_1_6' title='bbox 1209 280 1289 355; x_wconf 75' lang='lat'><strong>42⁸</strong></span> 
     </span>
    </p>
   </div>
   <div class='ocr_carea' id='block_1_2' title="bbox 172 446 1289 1240">
    <p class='ocr_par' dir='ltr' id='par_1_2' title="bbox 172 446 1289 1240">
     <span class='ocr_line' id='line_1_2' title="bbox 276 446 1288 549; baseline 0.008 -34"><span class='ocrx_word' id='word_1_7' title='bbox 276 446 428 517; x_wconf 80' lang='lat' dir='ltr'><strong>Tametsi</strong></span> <span class='ocrx_word' id='word_1_8' title='bbox 447 448 549 549; x_wconf 72' lang='lat' dir='ltr'><strong>milri,</strong></span> <span class='ocrx_word' id='word_1_9' title='bbox 574 451 634 540; x_wconf 86' lang='lat' dir='ltr'><strong>qui</strong></span> <span class='ocrx_word' id='word_1_10' title='bbox 649 452 797 521; x_wconf 74' lang='lat' dir='ltr'><strong>tandllae</strong></span> <span class='ocrx_word' id='word_1_11' title='bbox 810 453 859 521; x_wconf 85' lang='lat' dir='ltr'><strong>rei</strong></span> <span class='ocrx_word' id='word_1_12' title='bbox 873 453 1088 522; x_wconf 73' lang='lat' dir='ltr'><strong>illustrandae</strong></span> <span class='ocrx_word' id='word_1_13' title='bbox 1108 475 1150 522; x_wconf 87' lang='lat' dir='ltr'><strong>ac</strong></span> <span class='ocrx_word' id='word_1_14' title='bbox 1167 453 1288 545; x_wconf 71' lang='lat' dir='ltr'><strong>deien-</strong></span> 
     </span>
     <span class='ocr_line' id='line_1_3' title="bbox 175 551 1288 647; baseline 0.005 -27"><span class='ocrx_word' id='word_1_15' title='bbox 175 551 307 620; x_wconf 88' lang='lat' dir='ltr'><strong>dendae</strong></span> <span class='ocrx_word' id='word_1_16' title='bbox 324 574 443 619; x_wconf 82' lang='lat' dir='ltr'><strong>caussa</strong></span> <span class='ocrx_word' id='word_1_17' title='bbox 456 561 508 620; x_wconf 90' lang='lat' dir='ltr'><strong>tot</strong></span> <span class='ocrx_word' id='word_1_18' title='bbox 514 551 590 645; x_wconf 85' lang='lat' dir='ltr'><strong>jam</strong></span> <span class='ocrx_word' id='word_1_19' title='bbox 601 553 739 623; x_wconf 83' lang='lat' dir='ltr'><strong>fecerim</strong></span> <span class='ocrx_word' id='word_1_20' title='bbox 752 555 871 641; x_wconf 88' lang='lat' dir='ltr'><strong>verba,</strong></span> <span class='ocrx_word' id='word_1_21' title='bbox 896 557 1011 647; x_wconf 88' lang='lat' dir='ltr'><strong>utique</strong></span> <span class='ocrx_word' id='word_1_22' title='bbox 1024 556 1209 625; x_wconf 86' lang='lat' dir='ltr'><strong>verendum</strong></span> <span class='ocrx_word' id='word_1_23' title='bbox 1226 569 1288 646; x_wconf 85' lang='lat' dir='ltr'><strong>est,</strong></span> 
     </span>
     <span class='ocr_line' id='line_1_4' title="bbox 172 654 1288 751; baseline 0.005 -28"><span class='ocrx_word' id='word_1_24' title='bbox 172 678 217 723; x_wconf 90' lang='lat' dir='ltr'><strong>ne</strong></span> <span class='ocrx_word' id='word_1_25' title='bbox 229 655 293 722; x_wconf 86' lang='lat' dir='ltr'><strong>sint</strong></span> <span class='ocrx_word' id='word_1_26' title='bbox 308 655 366 743; x_wconf 86' lang='lat' dir='ltr'><strong>qui</strong></span> <span class='ocrx_word' id='word_1_27' title='bbox 381 677 493 723; x_wconf 85' lang='lat' dir='ltr'><strong>meam</strong></span> <span class='ocrx_word' id='word_1_28' title='bbox 514 654 654 725; x_wconf 84' lang='lat' dir='ltr'><strong>rideant</strong></span> <span class='ocrx_word' id='word_1_29' title='bbox 670 657 897 741; x_wconf 70' lang='lat' dir='ltr'><strong>sedulitatem</strong></span> <span class='ocrx_word' id='word_1_30' title='bbox 922 668 1036 728; x_wconf 87' lang='lat' dir='ltr'><strong>tamen</strong></span> <span class='ocrx_word' id='word_1_31' title='bbox 1053 683 1176 751; x_wconf 88' lang='lat' dir='ltr'><strong>spero,</strong></span> <span class='ocrx_word' id='word_1_32' title='bbox 1201 661 1288 748; x_wconf 84' lang='lat' dir='ltr'><strong>fora,</strong></span> 
     </span>
     <span class='ocr_line' id='line_1_5' title="bbox 172 757 1289 855; baseline 0.004 -29"><span class='ocrx_word' id='word_1_33' title='bbox 172 766 211 826; x_wconf 89' lang='lat' dir='ltr'><strong>ut</strong></span> <span class='ocrx_word' id='word_1_34' title='bbox 232 757 277 824; x_wconf 91' lang='lat' dir='ltr'><strong>ab</strong></span> <span class='ocrx_word' id='word_1_35' title='bbox 298 758 369 827; x_wconf 84' lang='lat' dir='ltr'><strong>aliis</strong></span> <span class='ocrx_word' id='word_1_36' title='bbox 392 758 538 850; x_wconf 77' lang='lat' dir='ltr'><strong>gratiam</strong></span> <span class='ocrx_word' id='word_1_37' title='bbox 558 761 706 849; x_wconf 88' lang='lat' dir='ltr'><strong>aliquam</strong></span> <span class='ocrx_word' id='word_1_38' title='bbox 727 760 863 830; x_wconf 90' lang='lat' dir='ltr'><strong>initurus</strong></span> <span class='ocrx_word' id='word_1_39' title='bbox 888 762 969 848; x_wconf 85' lang='lat' dir='ltr'><strong>sim,</strong></span> <span class='ocrx_word' id='word_1_40' title='bbox 1000 763 1044 848; x_wconf 91' lang='lat' dir='ltr'><strong>si,</strong></span> <span class='ocrx_word' id='word_1_41' title='bbox 1078 785 1167 853; x_wconf 90' lang='lat' dir='ltr'><strong>quae</strong></span> <span class='ocrx_word' id='word_1_42' title='bbox 1186 787 1289 855; x_wconf 85' lang='lat' dir='ltr'><strong>snpra</strong></span> 
     </span>
     <span class='ocr_line' id='line_1_6' title="bbox 174 852 1289 958; baseline 0.007 -32"><span class='ocrx_word' id='word_1_43' title='bbox 174 855 209 954; x_wconf 54' lang='grc' dir='ltr'><strong>ᾖ.</strong></span> <span class='ocrx_word' id='word_1_44' title='bbox 225 855 261 928; x_wconf 78' lang='lat'><strong>5.</strong></span> <span class='ocrx_word' id='word_1_45' title='bbox 284 860 327 928; x_wconf 92' lang='lat' dir='ltr'><strong>de</strong></span> <span class='ocrx_word' id='word_1_46' title='bbox 342 852 529 931; x_wconf 68' lang='lat' dir='ltr'><strong>Marabina</strong></span> <span class='ocrx_word' id='word_1_47' title='bbox 545 870 580 930; x_wconf 91' lang='lat' dir='ltr'><strong>et</strong></span> <span class='ocrx_word' id='word_1_48' title='bbox 596 862 781 954; x_wconf 74' lang='lat' dir='ltr'><strong>Licymnia</strong></span> <span class='ocrx_word' id='word_1_49' title='bbox 804 864 913 932; x_wconf 89' lang='lat' dir='ltr'><strong>obiter</strong></span> <span class='ocrx_word' id='word_1_50' title='bbox 931 866 1065 950; x_wconf 90' lang='lat' dir='ltr'><strong>monui,</strong></span> <span class='ocrx_word' id='word_1_51' title='bbox 1089 865 1147 933; x_wconf 91' lang='lat' dir='ltr'><strong>hic</strong></span> <span class='ocrx_word' id='word_1_52' title='bbox 1168 868 1289 958; x_wconf 89' lang='lat' dir='ltr'><strong>copio-</strong></span> 
     </span>
     <span class='ocr_line' id='line_1_7' title="bbox 174 963 1288 1058; baseline 0.004 -27"><span class='ocrx_word' id='word_1_53' title='bbox 174 963 240 1032; x_wconf 81' lang='lat' dir='ltr'><strong>sius</strong></span> <span class='ocrx_word' id='word_1_54' title='bbox 259 965 513 1054; x_wconf 72' lang='lat' dir='ltr'><strong>accuratiusque</strong></span> <span class='ocrx_word' id='word_1_55' title='bbox 533 987 722 1056; x_wconf 81' lang='lat' dir='ltr'><strong>exposuero</strong></span> <span class='ocrx_word' id='word_1_56' title='bbox 743 974 778 1035; x_wconf 89' lang='lat' dir='ltr'><strong>et</strong></span> <span class='ocrx_word' id='word_1_57' title='bbox 793 966 860 1035; x_wconf 91' lang='lat' dir='ltr'><strong>hoc</strong></span> <span class='ocrx_word' id='word_1_58' title='bbox 882 976 1056 1058; x_wconf 73' lang='lat' dir='ltr'><strong>tamquam</strong></span> <span class='ocrx_word' id='word_1_59' title='bbox 1077 969 1288 1038; x_wconf 85' lang='lat' dir='ltr'><strong>corollarium</strong></span> 
     </span>
     <span class='ocr_line' id='line_1_8' title="bbox 172 1063 1288 1162; baseline 0.007 -28"><span class='ocrx_word' id='word_1_60' title='bbox 172 1063 343 1158; x_wconf 86' lang='lat' dir='ltr'><strong>adjecero.</strong></span> <span class='ocrx_word' id='word_1_61' title='bbox 399 1068 471 1137; x_wconf 84' lang='lat' dir='ltr'><strong>Res</strong></span> <span class='ocrx_word' id='word_1_62' title='bbox 488 1069 601 1162; x_wconf 88' lang='lat' dir='ltr'><strong>agitur</strong></span> <span class='ocrx_word' id='word_1_63' title='bbox 624 1067 729 1138; x_wconf 89' lang='lat' dir='ltr'><strong>dubia</strong></span> <span class='ocrx_word' id='word_1_64' title='bbox 750 1069 935 1138; x_wconf 86' lang='lat' dir='ltr'><strong>admodum</strong></span> <span class='ocrx_word' id='word_1_65' title='bbox 959 1068 1132 1159; x_wconf 86' lang='lat' dir='ltr'><strong>hodieque</strong></span> <span class='ocrx_word' id='word_1_66' title='bbox 1149 1081 1288 1142; x_wconf 86' lang='lat' dir='ltr'><strong>contro-</strong></span> 
     </span>
     <span class='ocr_line' id='line_1_9' title="bbox 173 1190 292 1240; baseline -0.008 -1"><span class='ocrx_word' id='word_1_67' title='bbox 173 1190 292 1240; x_wconf 84' lang='lat' dir='ltr'><strong>versa.-</strong></span> 
     </span>
    </p>
   </div>
   <div class='ocr_carea' id='block_1_3' title="bbox 124 1372 1340 3936">
    <p class='ocr_par' dir='ltr' id='par_1_3' title="bbox 124 1372 1340 3936">
     <span class='ocr_line' id='line_1_10' title="bbox 275 1372 1292 1468; baseline -0.001 -24"><span class='ocrx_word' id='word_1_68' title='bbox 275 1373 313 1444; x_wconf 81' lang='lat' dir='ltr'><strong>si</strong></span> <span class='ocrx_word' id='word_1_69' title='bbox 327 1396 395 1463; x_wconf 88' lang='lat' dir='ltr'><strong>qua</strong></span> <span class='ocrx_word' id='word_1_70' title='bbox 407 1381 457 1442; x_wconf 92' lang='lat' dir='ltr'><strong>est</strong></span> <span class='ocrx_word' id='word_1_71' title='bbox 471 1372 598 1468; x_wconf 86' lang='lat' dir='ltr'><strong>Satira,</strong></span> <span class='ocrx_word' id='word_1_72' title='bbox 623 1375 658 1442; x_wconf 89' lang='lat' dir='ltr'><strong>ln</strong></span> <span class='ocrx_word' id='word_1_73' title='bbox 672 1398 740 1465; x_wconf 86' lang='lat' dir='ltr'><strong>qua</strong></span> <span class='ocrx_word' id='word_1_74' title='bbox 752 1373 911 1467; x_wconf 84' lang='lat' dir='ltr'><strong>Horatius</strong></span> <span class='ocrx_word' id='word_1_75' title='bbox 926 1396 1006 1442; x_wconf 92' lang='lat' dir='ltr'><strong>cum</strong></span> <span class='ocrx_word' id='word_1_76' title='bbox 1023 1373 1141 1442; x_wconf 87' lang='lat' dir='ltr'><strong>aculeo</strong></span> <span class='ocrx_word' id='word_1_77' title='bbox 1156 1379 1192 1442; x_wconf 88' lang='lat' dir='ltr'><strong>et</strong></span> <span class='ocrx_word' id='word_1_78' title='bbox 1203 1385 1292 1443; x_wconf 83' lang='lat' dir='ltr'><strong>ma·&#39;</strong></span> 
     </span>
     <span class='ocr_line' id='line_1_11' title="bbox 171 1475 1290 1573; baseline -0.004 -27"><span class='ocrx_word' id='word_1_79' title='bbox 171 1477 296 1546; x_wconf 88' lang='lat' dir='ltr'><strong>ledicto</strong></span> <span class='ocrx_word' id='word_1_80' title='bbox 316 1478 418 1545; x_wconf 82' lang='lat' dir='ltr'><strong>fuerit</strong></span> <span class='ocrx_word' id='word_1_81' title='bbox 432 1479 579 1567; x_wconf 84' lang='lat' dir='ltr'><strong>facetus,</strong></span> <span class='ocrx_word' id='word_1_82' title='bbox 606 1501 647 1547; x_wconf 90' lang='lat' dir='ltr'><strong>ea</strong></span> <span class='ocrx_word' id='word_1_83' title='bbox 670 1501 739 1547; x_wconf 91' lang='lat' dir='ltr'><strong>non</strong></span> <span class='ocrx_word' id='word_1_84' title='bbox 757 1478 897 1546; x_wconf 89' lang='lat' dir='ltr'><strong>dubium</strong></span> <span class='ocrx_word' id='word_1_85' title='bbox 918 1486 971 1573; x_wconf 82' lang='lat' dir='ltr'><strong>est</strong></span> <span class='ocrx_word' id='word_1_86' title='bbox 989 1476 1070 1566; x_wconf 91' lang='lat' dir='ltr'><strong>quin</strong></span> <span class='ocrx_word' id='word_1_87' title='bbox 1086 1477 1127 1545; x_wconf 91' lang='lat' dir='ltr'><strong>sit</strong></span> <span class='ocrx_word' id='word_1_88' title='bbox 1145 1475 1241 1546; x_wconf 81' lang='lat' dir='ltr'><strong>Libri</strong></span> <span class='ocrx_word' id='word_1_89' title='bbox 1259 1478 1290 1546; x_wconf 88' lang='lat'><strong>1.</strong></span> 
     </span>
     <span class='ocr_line' id='line_1_12' title="bbox 172 1580 1290 1674; baseline -0.004 -24"><span class='ocrx_word' id='word_1_90' title='bbox 172 1580 338 1669; x_wconf 89' lang='lat' dir='ltr'><strong>secunda,</strong></span> <span class='ocrx_word' id='word_1_91' title='bbox 364 1581 634 1674; x_wconf 83' lang='lat' dir='ltr'><strong>quamproxime</strong></span> <span class='ocrx_word' id='word_1_92' title='bbox 654 1590 734 1673; x_wconf 91' lang='lat' dir='ltr'><strong>post</strong></span> <span class='ocrx_word' id='word_1_93' title='bbox 755 1581 941 1673; x_wconf 83' lang='lat' dir='ltr'><strong>septimam,</strong></span> <span class='ocrx_word' id='word_1_94' title='bbox 960 1580 1110 1648; x_wconf 89' lang='lat' dir='ltr'><strong>omnium</strong></span> <span class='ocrx_word' id='word_1_95' title='bbox 1133 1581 1290 1671; x_wconf 82' lang='lat' dir='ltr'><strong>primam,-</strong></span> 
     </span>
     <span class='ocr_line' id='line_1_13' title="bbox 172 1683 1311 1776; baseline 0.001 -26"><span class='ocrx_word' id='word_1_96' title='bbox 172 1685 216 1751; x_wconf 89' lang='lat' dir='ltr'><strong>ab</strong></span> <span class='ocrx_word' id='word_1_97' title='bbox 232 1707 274 1752; x_wconf 91' lang='lat' dir='ltr'><strong>eo</strong></span> <span class='ocrx_word' id='word_1_98' title='bbox 288 1684 450 1774; x_wconf 81' lang='lat' dir='ltr'><strong>scriptam</strong></span> <span class='ocrx_word' id='word_1_99' title='bbox 466 1708 559 1776; x_wconf 88' lang='lat' dir='ltr'><strong>esse,</strong></span> <span class='ocrx_word' id='word_1_100' title='bbox 582 1693 712 1753; x_wconf 87' lang='lat' dir='ltr'><strong>certum</strong></span> <span class='ocrx_word' id='word_1_101' title='bbox 726 1684 808 1752; x_wconf 92' lang='lat' dir='ltr'><strong>mihi</strong></span> <span class='ocrx_word' id='word_1_102' title='bbox 822 1684 1100 1776; x_wconf 78' lang='lat' dir='ltr'><strong>exploratumque</strong></span> <span class='ocrx_word' id='word_1_103' title='bbox 1113 1691 1173 1750; x_wconf 84' lang='lat' dir='ltr'><strong>est</strong></span> <span class='ocrx_word' id='word_1_104' title='bbox 1199 1683 1288 1751; x_wconf 89' lang='lat' dir='ltr'><strong>Pro-</strong></span> <span class='ocrx_word' id='word_1_105' title='bbox 1305 1706 1311 1719; x_wconf 67' lang='grc'><em>“</em></span> 
     </span>
     <span class='ocr_line' id='line_1_14' title="bbox 171 1766 1312 1879; baseline -0.001 -23"><span class='ocrx_word' id='word_1_106' title='bbox 171 1810 308 1879; x_wconf 77' lang='lat' dir='ltr'><strong>gressus</strong></span> <span class='ocrx_word' id='word_1_107' title='bbox 323 1788 368 1853; x_wconf 90' lang='lat' dir='ltr'><strong>ab</strong></span> <span class='ocrx_word' id='word_1_108' title='bbox 382 1788 602 1878; x_wconf 84' lang='lat' dir='ltr'><strong>Hermogene</strong></span> <span class='ocrx_word' id='word_1_109' title='bbox 618 1787 785 1879; x_wconf 84' lang='lat' dir='ltr'><strong>Tigellio,</strong></span> <span class='ocrx_word' id='word_1_110' title='bbox 814 1786 969 1853; x_wconf 84' lang='lat' dir='ltr'><strong>nasutnlo</strong></span> <span class='ocrx_word' id='word_1_111' title='bbox 984 1785 1114 1855; x_wconf 86' lang='lat' dir='ltr'><strong>Satirae</strong></span> <span class='ocrx_word' id='word_1_112' title='bbox 1125 1787 1291 1875; x_wconf 86' lang='lat' dir='ltr'><strong>septimae</strong></span> <span class='ocrx_word' id='word_1_113' title='bbox 1305 1766 1312 1791; x_wconf 66' lang='lat'>¹</span> 
     </span>
     <span class='ocr_line' id='line_1_15' title="bbox 171 1888 1289 1981; baseline -0.003 -22"><span class='ocrx_word' id='word_1_114' title='bbox 171 1888 436 1981; x_wconf 85' lang='lat' dir='ltr'><strong>reprehensore,</strong></span> <span class='ocrx_word' id='word_1_115' title='bbox 476 1890 564 1958; x_wconf 88' lang='lat' dir='ltr'><strong>ridet</strong></span> <span class='ocrx_word' id='word_1_116' title='bbox 582 1889 674 1957; x_wconf 84' lang='lat' dir='ltr'><strong>istius</strong></span> <span class='ocrx_word' id='word_1_117' title='bbox 692 1888 836 1956; x_wconf 84' lang='lat' dir='ltr'><strong>hominis</strong></span> <span class='ocrx_word' id='word_1_118' title='bbox 855 1888 890 1956; x_wconf 92' lang='lat' dir='ltr'><strong>in</strong></span> <span class='ocrx_word' id='word_1_119' title='bbox 908 1888 977 1955; x_wconf 86' lang='lat' dir='ltr'><strong>vita</strong></span> <span class='ocrx_word' id='word_1_120' title='bbox 998 1889 1214 1978; x_wconf 88' lang='lat' dir='ltr'><strong>moribusque</strong></span> <span class='ocrx_word' id='word_1_121' title='bbox 1234 1888 1289 1956; x_wconf 89' lang='lat' dir='ltr'><strong>in-</strong></span> 
     </span>
     <span class='ocr_line' id='line_1_16' title="bbox 173 1984 1288 2082; baseline -0.002 -22"><span class='ocrx_word' id='word_1_122' title='bbox 173 1992 399 2060; x_wconf 85' lang='lat' dir='ltr'><strong>constantiam</strong></span> <span class='ocrx_word' id='word_1_123' title='bbox 468 1991 573 2059; x_wconf 87' lang='lat' dir='ltr'><strong>Istum</strong></span> <span class='ocrx_word' id='word_1_124' title='bbox 592 1984 858 2080; x_wconf 87' lang='lat' dir='ltr'><strong>modulatorem,</strong></span> <span class='ocrx_word' id='word_1_125' title='bbox 889 1992 1081 2082; x_wconf 86' lang='lat' dir='ltr'><strong>nuperrime</strong></span> <span class='ocrx_word' id='word_1_126' title='bbox 1104 2000 1288 2080; x_wconf 84' lang='lat' dir='ltr'><strong>mortuum,</strong></span> 
     </span>
     <span class='ocr_line' id='line_1_17' title="bbox 173 2092 1288 2185; baseline 0 -22"><span class='ocrx_word' id='word_1_127' title='bbox 173 2094 254 2163; x_wconf 92' lang='lat' dir='ltr'><strong>dicit</strong></span> <span class='ocrx_word' id='word_1_128' title='bbox 272 2093 375 2161; x_wconf 81' lang='lat' dir='ltr'><strong>fuisse</strong></span> <span class='ocrx_word' id='word_1_129' title='bbox 398 2093 433 2161; x_wconf 91' lang='lat' dir='ltr'><strong>in</strong></span> <span class='ocrx_word' id='word_1_130' title='bbox 449 2095 574 2161; x_wconf 70' lang='lat' dir='ltr'><strong>ahenos</strong></span> <span class='ocrx_word' id='word_1_131' title='bbox 594 2094 814 2185; x_wconf 86' lang='lat' dir='ltr'><strong>perditosque</strong></span> <span class='ocrx_word' id='word_1_132' title='bbox 835 2092 988 2162; x_wconf 88' lang='lat' dir='ltr'><strong>homines</strong></span> <span class='ocrx_word' id='word_1_133' title='bbox 1007 2094 1288 2179; x_wconf 90' lang='lat' dir='ltr'><strong>liberalissimum,</strong></span> 
     </span>
     <span class='ocr_line' id='line_1_18' title="bbox 172 2197 1289 2288; baseline 0.001 -23"><span class='ocrx_word' id='word_1_134' title='bbox 172 2197 207 2265; x_wconf 92' lang='lat' dir='ltr'><strong>in</strong></span> <span class='ocrx_word' id='word_1_135' title='bbox 227 2219 306 2267; x_wconf 83' lang='lat' dir='ltr'><strong>suos</strong></span> <span class='ocrx_word' id='word_1_136' title='bbox 329 2205 446 2264; x_wconf 87' lang='lat' dir='ltr'><strong>contra</strong></span> <span class='ocrx_word' id='word_1_137' title='bbox 467 2198 618 2287; x_wconf 74' lang='lat' dir='ltr'><strong>quamvis</strong></span> <span class='ocrx_word' id='word_1_138' title='bbox 642 2197 761 2287; x_wconf 88' lang='lat' dir='ltr'><strong>inopes</strong></span> <span class='ocrx_word' id='word_1_139' title='bbox 785 2197 969 2288; x_wconf 88' lang='lat' dir='ltr'><strong>malignum</strong></span> <span class='ocrx_word' id='word_1_140' title='bbox 990 2205 1025 2264; x_wconf 90' lang='lat' dir='ltr'><strong>et</strong></span> <span class='ocrx_word' id='word_1_141' title='bbox 1044 2206 1289 2288; x_wconf 81' lang='lat' dir='ltr'><strong>praeparoum:</strong></span> 
     </span>
     <span class='ocr_line' id='line_1_19' title="bbox 172 2294 1289 2391; baseline -0.001 -22"><span class='ocrx_word' id='word_1_142' title='bbox 172 2299 264 2370; x_wconf 88' lang='lat' dir='ltr'><strong>unde</strong></span> <span class='ocrx_word' id='word_1_143' title='bbox 279 2299 377 2368; x_wconf 89' lang='lat' dir='ltr'><strong>simul</strong></span> <span class='ocrx_word' id='word_1_144' title='bbox 394 2299 563 2391; x_wconf 88' lang='lat' dir='ltr'><strong>adipsum</strong></span> <span class='ocrx_word' id='word_1_145' title='bbox 579 2294 818 2383; x_wconf 76' lang='lat' dir='ltr'><strong>Octavianum,</strong></span> <span class='ocrx_word' id='word_1_146' title='bbox 844 2300 899 2368; x_wconf 89' lang='lat' dir='ltr'><strong>cui</strong></span> <span class='ocrx_word' id='word_1_147' title='bbox 911 2300 968 2366; x_wconf 92' lang='lat' dir='ltr'><strong>ille</strong></span> <span class='ocrx_word' id='word_1_148' title='bbox 983 2309 1099 2368; x_wconf 89' lang='lat' dir='ltr'><strong>cantor</strong></span> <span class='ocrx_word' id='word_1_149' title='bbox 1114 2300 1289 2391; x_wconf 68' lang='lat' dir='ltr'><strong>gratiosu-</strong></span> 
     </span>
     <span class='ocr_line' id='line_1_20' title="bbox 172 2400 1288 2494; baseline -0.004 -21"><span class='ocrx_word' id='word_1_150' title='bbox 172 2406 274 2473; x_wconf 90' lang='lat' dir='ltr'><strong>simus</strong></span> <span class='ocrx_word' id='word_1_151' title='bbox 287 2403 413 2489; x_wconf 82' lang='lat' dir='ltr'><strong>fuerat,</strong></span> <span class='ocrx_word' id='word_1_152' title='bbox 436 2404 551 2492; x_wconf 85' lang='lat' dir='ltr'><strong>aliqua</strong></span> <span class='ocrx_word' id='word_1_153' title='bbox 570 2400 658 2470; x_wconf 90' lang='lat' dir='ltr'><strong>redit</strong></span> <span class='ocrx_word' id='word_1_154' title='bbox 673 2401 881 2493; x_wconf 85' lang='lat' dir='ltr'><strong>vituperatio.</strong></span> <span class='ocrx_word' id='word_1_155' title='bbox 935 2400 1165 2492; x_wconf 79' lang='lat' dir='ltr'><strong>castigaturus</strong></span> <span class='ocrx_word' id='word_1_156' title='bbox 1186 2402 1288 2494; x_wconf 87' lang='lat' dir='ltr'><strong>igitur</strong></span> 
     </span>
     <span class='ocr_line' id='line_1_21' title="bbox 171 2502 1340 2598; baseline -0.002 -22"><span class='ocrx_word' id='word_1_157' title='bbox 171 2504 346 2576; x_wconf 88' lang='lat' dir='ltr'><strong>hominum</strong></span> <span class='ocrx_word' id='word_1_158' title='bbox 366 2507 638 2598; x_wconf 77' lang='lat' dir='ltr'><strong>perversitatem,</strong></span> <span class='ocrx_word' id='word_1_159' title='bbox 669 2502 746 2595; x_wconf 90' lang='lat' dir='ltr'><strong>qni,</strong></span> <span class='ocrx_word' id='word_1_160' title='bbox 766 2508 850 2572; x_wconf 80' lang='lat' dir='ltr'><strong>&#39;cum</strong></span> <span class='ocrx_word' id='word_1_161' title='bbox 869 2526 938 2572; x_wconf 90' lang='lat' dir='ltr'><strong>nou</strong></span> <span class='ocrx_word' id='word_1_162' title='bbox 960 2514 1052 2572; x_wconf 88' lang='lat' dir='ltr'><strong>certa</strong></span> <span class='ocrx_word' id='word_1_163' title='bbox 1072 2505 1200 2572; x_wconf 89' lang='lat' dir='ltr'><strong>ratione</strong></span> <span class='ocrx_word' id='word_1_164' title='bbox 1221 2503 1288 2574; x_wconf 92' lang='lat' dir='ltr'><strong>du-</strong></span> <span class='ocrx_word' id='word_1_165' title='bbox 1336 2506 1340 2525; x_wconf 84' lang='lat'><em>&#39;</em></span> 
     </span>
     <span class='ocr_line' id='line_1_22' title="bbox 172 2606 1290 2700; baseline -0.002 -22"><span class='ocrx_word' id='word_1_166' title='bbox 172 2621 306 2695; x_wconf 85' lang='lat' dir='ltr'><strong>cantur,</strong></span> <span class='ocrx_word' id='word_1_167' title='bbox 331 2609 367 2676; x_wconf 91' lang='lat' dir='ltr'><strong>in</strong></span> <span class='ocrx_word' id='word_1_168' title='bbox 379 2610 472 2677; x_wconf 89' lang='lat' dir='ltr'><strong>omui</strong></span> <span class='ocrx_word' id='word_1_169' title='bbox 490 2610 578 2676; x_wconf 82' lang='lat' dir='ltr'><strong>vitae</strong></span> <span class='ocrx_word' id='word_1_170' title='bbox 600 2630 726 2700; x_wconf 88' lang='lat' dir='ltr'><strong>genere</strong></span> <span class='ocrx_word' id='word_1_171' title='bbox 742 2629 864 2700; x_wconf 90' lang='lat' dir='ltr'><strong>parum</strong></span> <span class='ocrx_word' id='word_1_172' title='bbox 881 2607 943 2675; x_wconf 89' lang='lat' dir='ltr'><strong>sibi</strong></span> <span class='ocrx_word' id='word_1_173' title='bbox 959 2615 1110 2676; x_wconf 89' lang='lat' dir='ltr'><strong>constent</strong></span> <span class='ocrx_word' id='word_1_174' title='bbox 1128 2616 1163 2676; x_wconf 86' lang='lat' dir='ltr'><strong>et</strong></span> <span class='ocrx_word' id='word_1_175' title='bbox 1206 2606 1290 2676; x_wconf 90' lang='lat' dir='ltr'><strong>dum</strong></span> 
     </span>
     <span class='ocr_line' id='line_1_23' title="bbox 172 2710 1340 2802; baseline 0 -22"><span class='ocrx_word' id='word_1_176' title='bbox 172 2715 252 2780; x_wconf 84' lang='lat' dir='ltr'><strong>vitia</strong></span> <span class='ocrx_word' id='word_1_177' title='bbox 275 2711 444 2800; x_wconf 86' lang='lat' dir='ltr'><strong>quaedam</strong></span> <span class='ocrx_word' id='word_1_178' title='bbox 470 2710 623 2802; x_wconf 83' lang='lat' dir='ltr'><strong>fugiunt,</strong></span> <span class='ocrx_word' id='word_1_179' title='bbox 656 2712 691 2779; x_wconf 89' lang='lat' dir='ltr'><strong>in</strong></span> <span class='ocrx_word' id='word_1_180' title='bbox 721 2711 886 2777; x_wconf 69' lang='lat' dir='ltr'><strong>contraria</strong></span> <span class='ocrx_word' id='word_1_181' title='bbox 909 2710 1080 2778; x_wconf 89' lang='lat' dir='ltr'><strong>incurrant</strong></span> <span class='ocrx_word' id='word_1_182' title='bbox 1108 2733 1143 2778; x_wconf 91' lang='lat' dir='ltr'><strong>m</strong></span> <span class='ocrx_word' id='word_1_183' title='bbox 1189 2712 1289 2802; x_wconf 82' lang='lat' dir='ltr'><strong>laque</strong></span> <span class='ocrx_word' id='word_1_184' title='bbox 1337 2765 1340 2771; x_wconf 84' lang='grc'><em>.</em></span> 
     </span>
     <span class='ocr_line' id='line_1_24' title="bbox 172 2810 1289 2902; baseline -0.001 -19"><span class='ocrx_word' id='word_1_185' title='bbox 172 2812 228 2883; x_wconf 80' lang='lat' dir='ltr'><strong>via</strong></span> <span class='ocrx_word' id='word_1_186' title='bbox 240 2811 397 2880; x_wconf 85' lang='lat' dir='ltr'><strong>incedere</strong></span> <span class='ocrx_word' id='word_1_187' title='bbox 411 2813 576 2894; x_wconf 88' lang='lat' dir='ltr'><strong>nesciant,</strong></span> <span class='ocrx_word' id='word_1_188' title='bbox 601 2833 669 2879; x_wconf 93' lang='lat' dir='ltr'><strong>nou</strong></span> <span class='ocrx_word' id='word_1_189' title='bbox 681 2810 802 2902; x_wconf 83' lang='lat' dir='ltr'><strong>majori</strong></span> <span class='ocrx_word' id='word_1_190' title='bbox 822 2812 977 2881; x_wconf 83' lang='lat' dir='ltr'><strong>libertate</strong></span> <span class='ocrx_word' id='word_1_191' title='bbox 990 2835 1092 2902; x_wconf 86' lang='lat' dir='ltr'><strong>quarn</strong></span> <span class='ocrx_word' id='word_1_192' title='bbox 1107 2814 1289 2882; x_wconf 85' lang='lat' dir='ltr'><strong>acerbitate</strong></span> 
     </span>
     <span class='ocr_line' id='line_1_25' title="bbox 173 2913 1289 3009; baseline -0.002 -23"><span class='ocrx_word' id='word_1_193' title='bbox 173 2916 388 2986; x_wconf 88' lang='lat' dir='ltr'><strong>demortuum</strong></span> <span class='ocrx_word' id='word_1_194' title='bbox 414 2914 601 3009; x_wconf 77' lang='lat' dir='ltr'><strong>Tigellium</strong></span> <span class='ocrx_word' id='word_1_195' title='bbox 619 2913 656 2981; x_wconf 94' lang='lat' dir='ltr'><strong>in</strong></span> <span class='ocrx_word' id='word_1_196' title='bbox 686 2936 821 2983; x_wconf 86' lang='lat' dir='ltr'><strong>scenam</strong></span> <span class='ocrx_word' id='word_1_197' title='bbox 844 2914 1015 3007; x_wconf 53' lang='lat' dir='ltr'><strong>producit&gt;</strong></span> <span class='ocrx_word' id='word_1_198' title='bbox 1031 2938 1178 3006; x_wconf 85' lang='lat' dir='ltr'><strong>eumque</strong></span> <span class='ocrx_word' id='word_1_199' title='bbox 1206 2915 1289 2984; x_wconf 80' lang='lat' dir='ltr'><strong>iacit</strong></span> 
     </span>
     <span class='ocr_line' id='line_1_26' title="bbox 174 3014 1287 3111; baseline -0.004 -20"><span class='ocrx_word' id='word_1_200' title='bbox 174 3020 350 3091; x_wconf 90' lang='lat' dir='ltr'><strong>stultorum</strong></span> <span class='ocrx_word' id='word_1_201' title='bbox 375 3018 410 3087; x_wconf 93' lang='lat' dir='ltr'><strong>in</strong></span> <span class='ocrx_word' id='word_1_202' title='bbox 439 3015 509 3084; x_wconf 88' lang='lat' dir='ltr'><strong>hnc</strong></span> <span class='ocrx_word' id='word_1_203' title='bbox 536 3039 663 3109; x_wconf 86' lang='lat' dir='ltr'><strong>genere</strong></span> <span class='ocrx_word' id='word_1_204' title='bbox 690 3014 812 3086; x_wconf 88' lang='lat' dir='ltr'><strong>dacem</strong></span> <span class='ocrx_word' id='word_1_205' title='bbox 834 3041 875 3086; x_wconf 86' lang='lat' dir='ltr'><strong>ac</strong></span> <span class='ocrx_word' id='word_1_206' title='bbox 901 3018 995 3087; x_wconf 85' lang='lat' dir='ltr'><strong>velut</strong></span> <span class='ocrx_word' id='word_1_207' title='bbox 1023 3021 1287 3111; x_wconf 83' lang='lat' dir='ltr'><strong>antesignanum.</strong></span> 
     </span>
     <span class='ocr_line' id='line_1_27' title="bbox 173 3112 1289 3216; baseline -0.003 -23"><span class='ocrx_word' id='word_1_208' title='bbox 173 3123 322 3216; x_wconf 85' lang='lat' dir='ltr'><strong>Tigellio</strong></span> <span class='ocrx_word' id='word_1_209' title='bbox 339 3120 484 3214; x_wconf 92' lang='lat' dir='ltr'><strong>opponit</strong></span> <span class='ocrx_word' id='word_1_210' title='bbox 502 3120 737 3191; x_wconf 16' lang='lat' dir='ltr'><strong>aliuminescio</strong></span> <span class='ocrx_word' id='word_1_211' title='bbox 751 3112 872 3211; x_wconf 83' lang='lat' dir='ltr'><strong>quem,</strong></span> <span class='ocrx_word' id='word_1_212' title='bbox 898 3123 973 3209; x_wconf 86' lang='lat' dir='ltr'><strong>qui,</strong></span> <span class='ocrx_word' id='word_1_213' title='bbox 997 3144 1042 3189; x_wconf 91' lang='lat' dir='ltr'><strong>ne</strong></span> <span class='ocrx_word' id='word_1_214' title='bbox 1060 3121 1216 3189; x_wconf 90' lang='lat' dir='ltr'><strong>sordidus</strong></span> <span class='ocrx_word' id='word_1_215' title='bbox 1233 3120 1289 3190; x_wconf 91' lang='lat' dir='ltr'><strong>di-</strong></span> 
     </span>
     <span class='ocr_line' id='line_1_28' title="bbox 174 3222 1288 3315; baseline -0.003 -20"><span class='ocrx_word' id='word_1_216' title='bbox 174 3236 269 3296; x_wconf 90' lang='lat' dir='ltr'><strong>catur</strong></span> <span class='ocrx_word' id='word_1_217' title='bbox 287 3248 377 3314; x_wconf 89' lang='lat' dir='ltr'><strong>esse,</strong></span> <span class='ocrx_word' id='word_1_218' title='bbox 403 3246 476 3292; x_wconf 90' lang='lat' dir='ltr'><strong>rem</strong></span> <span class='ocrx_word' id='word_1_219' title='bbox 490 3246 585 3292; x_wconf 84' lang='lat' dir='ltr'><strong>suam</strong></span> <span class='ocrx_word' id='word_1_220' title='bbox 597 3224 771 3293; x_wconf 76' lang='lat' dir='ltr'><strong>lumniosis</strong></span> <span class='ocrx_word' id='word_1_221' title='bbox 787 3222 931 3293; x_wconf 81' lang='lat' dir='ltr'><strong>absumit</strong></span> <span class='ocrx_word' id='word_1_222' title='bbox 952 3222 1110 3315; x_wconf 83' lang='lat' dir='ltr'><strong>dapibus:</strong></span> <span class='ocrx_word' id='word_1_223' title='bbox 1137 3229 1210 3313; x_wconf 86' lang='lat' dir='ltr'><strong>quo&#39;</strong></span> <span class='ocrx_word' id='word_1_224' title='bbox 1224 3247 1288 3292; x_wconf 88' lang='lat' dir='ltr'><strong>no-</strong></span> 
     </span>
     <span class='ocr_line' id='line_1_29' title="bbox 173 3327 1288 3419; baseline -0.003 -21"><span class='ocrx_word' id='word_1_225' title='bbox 173 3331 265 3398; x_wconf 91' lang='lat' dir='ltr'><strong>mine</strong></span> <span class='ocrx_word' id='word_1_226' title='bbox 285 3328 439 3397; x_wconf 87' lang='lat' dir='ltr'><strong>laudatur</strong></span> <span class='ocrx_word' id='word_1_227' title='bbox 459 3328 504 3395; x_wconf 89' lang='lat' dir='ltr'><strong>ab</strong></span> <span class='ocrx_word' id='word_1_228' title='bbox 525 3327 597 3414; x_wconf 90' lang='lat' dir='ltr'><strong>his,</strong></span> <span class='ocrx_word' id='word_1_229' title='bbox 623 3327 843 3419; x_wconf 83' lang='lat' dir='ltr'><strong>culpatur&#39;ab</strong></span> <span class='ocrx_word' id='word_1_230' title='bbox 862 3327 937 3395; x_wconf 85' lang='lat' dir='ltr'><strong>illis.</strong></span> <span class='ocrx_word' id='word_1_231' title='bbox 996 3327 1112 3412; x_wconf 75' lang='lat' dir='ltr'><strong>Quid?</strong></span> <span class='ocrx_word' id='word_1_232' title='bbox 1136 3327 1288 3396; x_wconf 81' lang='lat' dir='ltr'><strong>Fufidius</strong></span> 
     </span>
     <span class='ocr_line' id='line_1_30' title="bbox 173 3430 1288 3524; baseline -0.003 -23"><span class='ocrx_word' id='word_1_233' title='bbox 173 3433 325 3524; x_wconf 88' lang='lat' dir='ltr'><strong>quamvis</strong></span> <span class='ocrx_word' id='word_1_234' title='bbox 341 3430 433 3499; x_wconf 87' lang='lat' dir='ltr'><strong>dives</strong></span> <span class='ocrx_word' id='word_1_235' title='bbox 446 3431 597 3499; x_wconf 83' lang='lat' dir='ltr'><strong>insanum</strong></span> <span class='ocrx_word' id='word_1_236' title='bbox 608 3439 721 3499; x_wconf 87' lang='lat' dir='ltr'><strong>tamen</strong></span> <span class='ocrx_word' id='word_1_237' title='bbox 733 3438 868 3500; x_wconf 83' lang='lat' dir='ltr'><strong>exercet</strong></span> <span class='ocrx_word' id='word_1_238' title='bbox 880 3430 994 3517; x_wconf 85' lang='lat' dir='ltr'><strong>fenus,</strong></span> <span class='ocrx_word' id='word_1_239' title='bbox 1019 3430 1288 3498; x_wconf 88' lang='lat' dir='ltr'><strong>adolescentibus</strong></span> 
     </span>
     <span class='ocr_line' id='line_1_31' title="bbox 124 3533 1287 3631; baseline -0.003 -29"><span class='ocrx_word' id='word_1_240' title='bbox 124 3552 131 3583; x_wconf 79' lang='lat'>¹</span> <span class='ocrx_word' id='word_1_241' title='bbox 173 3535 401 3631; x_wconf 86' lang='lat' dir='ltr'><strong>potissimum,</strong></span> <span class='ocrx_word' id='word_1_242' title='bbox 427 3555 496 3623; x_wconf 91' lang='lat' dir='ltr'><strong>quo</strong></span> <span class='ocrx_word' id='word_1_243' title='bbox 516 3535 658 3624; x_wconf 84' lang='lat' dir='ltr'><strong>quisque</strong></span> <span class='ocrx_word' id='word_1_244' title='bbox 673 3543 726 3602; x_wconf 87' lang='lat' dir='ltr'><strong>est</strong></span> <span class='ocrx_word' id='word_1_245' title='bbox 737 3534 918 3627; x_wconf 90' lang='lat' dir='ltr'><strong>perditior,</strong></span> <span class='ocrx_word' id='word_1_246' title='bbox 935 3534 1003 3602; x_wconf 88' lang='lat' dir='ltr'><strong>hoc</strong></span> <span class='ocrx_word' id='word_1_247' title='bbox 1016 3533 1189 3625; x_wconf 83' lang='lat' dir='ltr'><strong>graviores</strong></span> <span class='ocrx_word' id='word_1_248' title='bbox 1204 3555 1287 3599; x_wconf 89' lang='lat' dir='ltr'><strong>usu-</strong></span> 
     </span>
     <span class='ocr_line' id='line_1_32' title="bbox 173 3634 1337 3730; baseline -0.002 -21"><span class='ocrx_word' id='word_1_249' title='bbox 173 3663 228 3709; x_wconf 90' lang='lat' dir='ltr'><strong>ras</strong></span> <span class='ocrx_word' id='word_1_250' title='bbox 243 3638 437 3730; x_wconf 90' lang='lat' dir='ltr'><strong>imponens,</strong></span> <span class='ocrx_word' id='word_1_251' title='bbox 464 3645 498 3706; x_wconf 88' lang='lat' dir='ltr'><strong>et</strong></span> <span class='ocrx_word' id='word_1_252' title='bbox 511 3640 696 3729; x_wconf 84' lang='lat' dir='ltr'><strong>utvappae</strong></span> <span class='ocrx_word' id='word_1_253' title='bbox 712 3648 749 3705; x_wconf 89' lang='lat' dir='ltr'><strong>et</strong></span> <span class='ocrx_word' id='word_1_254' title='bbox 771 3636 944 3706; x_wconf 79' lang='lat' dir='ltr'><strong>nebulonis</strong></span> <span class='ocrx_word' id='word_1_255' title='bbox 964 3660 1026 3704; x_wconf 86' lang='lat' dir='ltr'><strong>sua</strong></span> <span class='ocrx_word' id='word_1_256' title='bbox 1048 3636 1161 3704; x_wconf 89' lang='lat' dir='ltr'><strong>omnia</strong></span> <span class='ocrx_word' id='word_1_257' title='bbox 1180 3634 1288 3705; x_wconf 83' lang='lat' dir='ltr'><strong>effuse</strong></span> <span class='ocrx_word' id='word_1_258' title='bbox 1331 3685 1337 3707; x_wconf 73' lang='grc'><strong><em>,</em></strong></span> 
     </span>
     <span class='ocr_line' id='line_1_33' title="bbox 173 3739 1287 3837; baseline -0.006 -23"><span class='ocrx_word' id='word_1_259' title='bbox 173 3743 344 3837; x_wconf 86' lang='lat' dir='ltr'><strong>largientis</strong></span> <span class='ocrx_word' id='word_1_260' title='bbox 362 3740 534 3809; x_wconf 83' lang='lat' dir='ltr'><strong>infamiam</strong></span> <span class='ocrx_word' id='word_1_261' title='bbox 555 3739 697 3828; x_wconf 82' lang='lat' dir='ltr'><strong>devitet,</strong></span> <span class='ocrx_word' id='word_1_262' title='bbox 720 3742 756 3809; x_wconf 88' lang='lat' dir='ltr'><strong>in</strong></span> <span class='ocrx_word' id='word_1_263' title='bbox 772 3740 1001 3832; x_wconf 85' lang='lat' dir='ltr'><strong>semetipsum</strong></span> <span class='ocrx_word' id='word_1_264' title='bbox 1021 3761 1157 3829; x_wconf 91' lang='lat' dir='ltr'><strong>quoque</strong></span> <span class='ocrx_word' id='word_1_265' title='bbox 1178 3739 1287 3807; x_wconf 89' lang='lat' dir='ltr'><strong>duris-</strong></span> 
     </span>
     <span class='ocr_line' id='line_1_34' title="bbox 174 3843 1287 3936; baseline -0.006 -20"><span class='ocrx_word' id='word_1_266' title='bbox 174 3849 274 3917; x_wconf 88' lang='lat' dir='ltr'><strong>simus</strong></span> <span class='ocrx_word' id='word_1_267' title='bbox 289 3844 385 3914; x_wconf 90' lang='lat' dir='ltr'><strong>simul</strong></span> <span class='ocrx_word' id='word_1_268' title='bbox 398 3844 580 3912; x_wconf 90' lang='lat' dir='ltr'><strong>miserrime</strong></span> <span class='ocrx_word' id='word_1_269' title='bbox 601 3868 637 3914; x_wconf 91' lang='lat' dir='ltr'><strong>se</strong></span> <span class='ocrx_word' id='word_1_270' title='bbox 662 3845 838 3913; x_wconf 84' lang='lat' dir='ltr'><strong>excruciat</strong></span> <span class='ocrx_word' id='word_1_271' title='bbox 889 3843 948 3911; x_wconf 84' lang='lat' dir='ltr'><strong>Sic</strong></span> <span class='ocrx_word' id='word_1_272' title='bbox 968 3844 1071 3936; x_wconf 88' lang='lat' dir='ltr'><strong>igitur</strong></span> <span class='ocrx_word' id='word_1_273' title='bbox 1091 3865 1188 3911; x_wconf 91' lang='lat' dir='ltr'><strong>suum</strong></span> <span class='ocrx_word' id='word_1_274' title='bbox 1209 3864 1287 3909; x_wconf 90' lang='lat' dir='ltr'><strong>car-</strong></span> 
     </span>
    </p>
   </div>
   <div class='ocr_carea' id='block_1_4' title="bbox 173 3942 1353 4359">
    <p class='ocr_par' dir='ltr' id='par_1_4' title="bbox 173 3942 1353 4359">
     <span class='ocr_line' id='line_1_35' title="bbox 173 3942 1285 4041; baseline -0.008 -21"><span class='ocrx_word' id='word_1_275' title='bbox 173 3973 253 4020; x_wconf 91' lang='lat' dir='ltr'><strong>men</strong></span> <span class='ocrx_word' id='word_1_276' title='bbox 269 3948 423 4037; x_wconf 81' lang='lat' dir='ltr'><strong>e&#39;xorsus,</strong></span> <span class='ocrx_word' id='word_1_277' title='bbox 448 3947 536 4039; x_wconf 88' lang='lat' dir='ltr'><strong>ipse,</strong></span> <span class='ocrx_word' id='word_1_278' title='bbox 562 3969 631 4039; x_wconf 89' lang='lat' dir='ltr'><strong>quo</strong></span> <span class='ocrx_word' id='word_1_279' title='bbox 650 3948 737 4017; x_wconf 90' lang='lat' dir='ltr'><strong>haec</strong></span> <span class='ocrx_word' id='word_1_280' title='bbox 752 3947 957 4041; x_wconf 86' lang='lat' dir='ltr'><strong>pertineant,</strong></span> <span class='ocrx_word' id='word_1_281' title='bbox 984 3946 1150 4040; x_wconf 79' lang='lat' dir='ltr'><strong>siguificat</strong></span> <span class='ocrx_word' id='word_1_282' title='bbox 1170 3970 1201 4015; x_wconf 85' lang='lat' dir='ltr'><strong>v.</strong></span> <span class='ocrx_word' id='word_1_283' title='bbox 1223 3942 1285 4012; x_wconf 81' lang='lat'><strong>24.</strong></span> 
     </span>
     <span class='ocr_line' id='line_1_36' title="bbox 224 4044 1353 4135; baseline -0.001 -13"><span class='ocrx_word' id='word_1_284' title='bbox 224 4050 451 4122; x_wconf 75' lang='lat' dir='ltr'><strong>Dumbitant</strong></span> <span class='ocrx_word' id='word_1_285' title='bbox 463 4050 680 4135; x_wconf 73' lang='lat' dir='ltr'><strong>stadioitiu,</strong></span> <span class='ocrx_word' id='word_1_286' title='bbox 705 4050 939 4122; x_wconf 81' lang='lat' dir='ltr'><strong>iacootrurio</strong></span> <span class='ocrx_word' id='word_1_287' title='bbox 950 4056 1107 4124; x_wconf 67' lang='lat' dir='ltr'><strong>mnam.</strong></span> <span class='ocrx_word' id='word_1_288' title='bbox 1213 4044 1217 4051; x_wconf 76' lang='grc'><strong>’</strong></span> <span class='ocrx_word' id='word_1_289' title='bbox 1351 4048 1353 4054; x_wconf 79' lang='grc'><strong>’</strong></span> 
     </span>
     <span class='ocr_line' id='line_1_37' title="bbox 198 4152 1287 4246; baseline -0.003 -22"><span class='ocrx_word' id='word_1_290' title='bbox 198 4168 201 4175; x_wconf 79' lang='grc'><em>“</em></span> <span class='ocrx_word' id='word_1_291' title='bbox 224 4155 430 4224; x_wconf 82' lang='lat' dir='ltr'><strong>Molcbinus</strong></span> <span class='ocrx_word' id='word_1_292' title='bbox 440 4153 568 4223; x_wconf 74' lang='lat' dir='ltr'><strong>baricis</strong></span> <span class='ocrx_word' id='word_1_293' title='bbox 579 4153 740 4225; x_wconf 84' lang='lat' dir='ltr'><strong>demissis</strong></span> <span class='ocrx_word' id='word_1_294' title='bbox 756 4152 934 4244; x_wconf 78' lang='lat' dir='ltr'><strong>orabatot3</strong></span> <span class='ocrx_word' id='word_1_295' title='bbox 949 4161 1012 4223; x_wconf 49' lang='lat' dir='ltr'><strong>,eal</strong></span> <span class='ocrx_word' id='word_1_296' title='bbox 1024 4152 1085 4246; x_wconf 77' lang='lat' dir='ltr'><strong>qui</strong></span> <span class='ocrx_word' id='word_1_297' title='bbox 1284 4170 1287 4175; x_wconf 84' lang='lat'>·</span> 
     </span>
     <span class='ocr_line' id='line_1_38' title="bbox 223 4254 1350 4359; baseline -0.007 -33"><span class='ocrx_word' id='word_1_298' title='bbox 223 4254 1136 4359; x_wconf 73' lang='lat' dir='ltr'><strong>logaonudodscoenumsabductiausqaefucetua</strong></span> <span class='ocrx_word' id='word_1_299' title='bbox 1215 4266 1218 4270; x_wconf 79' lang='grc'><em>·</em></span> <span class='ocrx_word' id='word_1_300' title='bbox 1277 4354 1281 4359; x_wconf 10' lang='grc' dir='ltr'><strong><em>ᾖ</em></strong></span> <span class='ocrx_word' id='word_1_301' title='bbox 1346 4311 1350 4318; x_wconf 88' lang='grc'><em>.</em></span> 
     </span>
    </p>
   </div>
   <div class='ocr_carea' id='block_1_5' title="bbox 0 0 1388 4838">
    <p class='ocr_par' dir='ltr' id='par_1_5' title="bbox 0 0 1388 4838">
     <span class='ocr_line' id='line_1_39' title="bbox 0 0 1388 4838; baseline 0 0"><span class='ocrx_word' id='word_1_302' title='bbox 0 0 1388 4838; x_wconf 95' lang='lat' dir='ltr'><strong> </strong></span> 
     </span>
    </p>
   </div>
  </div>
 </body>
</html>
