2768 4838
420 320 484 368 nn
523 318 726 368 naevio
768 318 956 368 auara.
1198 292 1252 368 29

124 481 215 564 lum,
241 474 537 566 Beneventanum,
570 478 671 546 istum
693 476 876 547 acerbioris
905 462 1050 547 naturae¹
1068 472 1252 567 hominem,

124 604 229 673 quem
255 590 403 665 constat,
427 590 566 650 auctore
590 581 752 650 Suetonio
777 580 825 651 de
846 580 963 650 illustr.
991 579 1144 651 Graan,
1170 604 1200 651 c.
1213 580 1252 651 a.

124 686 169 755 Τ.
194 683 256 752 ΠΙ.
280 708 316 777 p.
342 682 404 753 12.
430 684 518 772 Wl,
543 682 659 753 militia
682 684 835 754 functum
858 680 1034 753 Musarum
1059 693 1170 753 castra
1193 706 1252 755 re·
1289 724 1292 729 ·

125 788 280 881 petiisse,
313 795 349 856 et
381 786 660 880 quinquagesimo
689 787 807 857 aetatis
840 806 947 875 anno,
979 784 1147 857 Cicerone
1172 786 1253 860 Cos.

104 916 163 983 ‚au
189 889 237 963 U.
271 887 314 960 G.
344 888 433 964 (llll,
489 891 652 965 Romam·
670 892 816 977 vanisse‚
849 891 964 980 ibique
988 891 1133 977 litteras,
1167 910 1253 981 quas

125 993 207 1064 inde
232 1015 254 1060 a
277 1013 387 1085 puero
411 1015 479 1062 non
503 994 620 1062 leviter
644 995 810 1087 attigerat,
837 1017 912 1062 esse
931 968 1139 1085 prolessQ
1163 1014 1254 1087 pne-

126 1098 172 1167 ris
198 1118 280 1165 snae
301 1094 503 1169 concreditis
528 1096 723 1189 disciplinae
747 1098 804 1166 vel
827 1096 915 1164 Livii
934 1094 1118 1164 audonei
1134 1093 1255 1188 Odys·-

126 1194 223 1270 seam
253 1198 425 1288 latinam,
455 1219 560 1289 qnam
584 1199 759 1269 Ciceronis
783 1198 959 1288 aequales,
991 1206 1164 1290 tamquam
1188 1200 1254 1268 ali·

125 1301 224 1394 qaod
246 1300 390 1371 Daedali
414 1324 519 1395 opus,
544 1301 778 1373 admirabundi
802 1300 1067 1389 venerabantur,
1098 1300 1156 1369 vel
1179 1301 1254 1396 ejas

126 1406 260 1477 fabulas
284 1404 437 1477 dictasse
494 1406 589 1491 Quas
615 1406 644 1475 si
666 1408 742 1498 ipse
772 1403 913 1494 Cicero,
936 1420 1085 1473 summus
1109 1404 1167 1473 ille
1192 1428 1255 1473 ea-

127 1532 209 1581 scae
235 1508 435 1599 antiquitatis
460 1507 659 1597 admirator,
690 1511 728 1578 in
748 1507 846 1577 Brut
872 1530 902 1576 c.
928 1500 991 1577 18.
1015 1513 1142 1603 negat,
1174 1507 1253 1577 satis
1369 1544 1373 1559 ·

127 1636 204 1683 esse
228 1610 365 1703 dignas,
396 1633 487 1703 qnae
510 1612 633 1681 iterum
655 1612 829 1705 legantur,
863 1610 968 1681 facile
991 1582 1153 1704 appar'd't,
1182 1609 1255 1680 lroc

127 1715 203 1809 ejus
220 1713 390 1807 judicium
414 1736 458 1784 ex
481 1712 713 1807 disputationis
742 1714 830 1785 illius
853 1714 924 1783 fine
954 1722 991 1785 et
1014 1714 1154 1783 consilio
1179 1736 1255 1783 esse

126 1817 435 1910 interpretandum,
481 1818 682 1910 praesertim
721 1839 801 1885 cum
830 1816 988 1886 livianus
1028 1816 1161 1885 fabulas
1193 1817 1254 1887 illo

127 1932 284 2013 tempore
309 1928 344 1989 et
368 1930 459 1989 actas
486 1929 522 2020 et
544 1921 690 1992 lectione
714 1920 759 1988 ab
784 1920 861 2012 ipso
885 1920 1001 1989 'lullio
1025 1919 1255 2013 frequentatas

128 2046 220 2109 esse,
245 2032 340 2093 certo
364 2023 474 2093 evinci
495 2022 618 2118 possit:
653 2022 721 2095 vid
756 2022 820 2094 m.
858 2018 996 2093 Osmmr'
1026 2022 1150 2095 Anat·
1166 2023 1254 2095 aar.

128 2151 165 2222 p.
189 2122 217 2195 5
241 2150 318 2218 sqq.
378 2126 478 2213 Quae
504 2150 582 2195 curn
606 2128 654 2195 ita
677 2128 759 2215 sint,
799 2128 915 2214 istam,
946 2126 977 2195 si
1000 2149 1069 2216 qua
1095 2134 1165 2213 est,
1190 2126 1254 2219 ju-

129 2229 209 2300 dicii
231 2230 435 2323 pravitatem
460 2237 495 2299 et
517 2230 773 2322 perversitatem
797 2238 928 2299 tantm
943 2230 1039 2299 abest
1059 2237 1097 2299 ut
1111 2230 1256 2299 alienam

128 2356 205 2405 csse
228 2342 350 2427 putem
372 2334 417 2402 ab
444 2331 594 2421 Orbilio,
618 2334 744 2403 acerbo
768 2342 804 2402 et
826 2354 964 2402 moroso
989 2356 1091 2422 sene,
1116 2356 1193 2402 eam
1216 2342 1256 2403 at

130 2436 380 2524 Grammatico,
426 2435 549 2506 doctae
587 2436 788 2527 antiquitatis
826 2435 1058 2524 tenacissimo,
1100 2436 1256 2529 apprime

129 2539 311 2609 convenire
337 2538 458 2607 dicam.
510 2539 814 2610 Grammaticorum
839 2540 945 2628 enim,
968 2540 1168 2632 praesertim
1192 2563 1255 2609 ve·

127 2644 295 2731 talorum,
319 2652 373 2711 est
388 2640 515 2737 jubere
539 2665 664 2735 pueros
685 2665 812 2714 exesos
834 2643 937 2712 tineis
951 2644 1143 2735 opicasque
1158 2644 1256 2713 evol-

128 2766 216 2816 vere
248 2744 415 2832 chartas,
464 2754 502 2814 nt
541 2747 708 2817 Ausonius
738 2746 892 2817 Proless.
918 2744 1028 2815 XXII.
1061 2768 1094 2815 v.
1129 2744 1164 2820 3.
1197 2748 1253 2816 ait.

128 2848 221 2936 Sed,
246 2848 371 2939 inquo
395 2848 554 2942 vulgatae
577 2849 728 2919 lectionis
751 2849 856 2918 cardo
880 2849 1036 2936 vertitur,
1060 2848 1162 2918 totius
1187 2850 1256 2918 loci

130 2960 305 3021 contextus
330 2951 550 3044 Bentlejanae
575 2952 799 3022 emendationi
829 2974 967 3045 prorsus
998 2961 1185 3045 repugnate
1217 2950 1255 3021 id

130 3054 225 3145 quod
248 3054 332 3123 milri
357 3076 503 3124 summus
528 3055 586 3124 ille
609 3057 662 3124 vir
685 3056 819 3125 videtur
850 3052 1013 3141 sensisse,
1052 3063 1092 3123 nt
1129 3057 1187 3146 qui
1219 3055 1255 3123 in

128 3157 301 3247 firmanda
322 3154 409 3227 con
421 3136 554 3250 itegin.
579 3159 722 3228 lectione
736 3157 852 3228 Laevi
871 3158 968 3226 solito
989 3155 1091 3226 fuerit
1109 3157 1253 3228 brevior.

128 3261 211 3328 Non
249 3259 339 3329 enim
375 3261 553 3329 acutissimi
591 3262 718 3354 ingenii
753 3263 861 3331 virum
891 3268 1026 3353 poterat
1057 3261 1255 3352 praeterire,

128 3362 327 3450 Horatium,
352 3362 380 3431 si
404 3361 525 3433 hocin
550 3386 667 3434 caussa
691 3364 885 3435 recentioris
910 3363 1051 3457 alicujus
1075 3373 1256 3455 poetamm

129 3464 265 3534 lecisset
287 3467 510 3555 mentionem,
543 3491 638 3537 suam
669 3469 775 3561 ipsius
805 3468 1005 3536 'sententiam
1035 3488 1076 3533 ac
1102 3467 1257 3560 disputa—

129 3568 228 3653 tionis
251 3568 355 3638 velnti
377 3593 492 3637 arcem
524 3571 737 3642 subvertisse.
800 3571 1009 3640 Probatnrus
1041 3569 1130 3637 enim
1160 3594 1257 3640 suam

128 3671 167 3739 in
195 3679 327 3740 veteres
359 3671 449 3740 Latii
485 3683 606 3765 poetas
638 3675 841 3765 aequitatem
880 3694 951 3741 non
983 3679 1135 3764 poterat,
1174 3675 1260 3765 quin

128 3796 236 3843 unam
252 3796 295 3843 ex
313 3775 541 3844 vetustissimis
560 3787 780 3865 memoraret,
806 3775 901 3868 eujus
917 3774 1119 3863 carminum,
1146 3799 1257 3867 quan,-

128 3877 251 3945 tumvis
275 3876 409 3946 rudium
435 3885 470 3945 et
493 3880 725 3968 rancidarum,
761 3902 831 3949 non
862 3887 956 3946 tanto
988 3879 1030 3945 sit
1056 3887 1174 3970 captus
1200 3880 1257 3947 la-

128 3978 229 4049 stidio
252 3980 478 4071 incensusque
501 3981 599 4071 odio,
624 4006 666 4051 ea
689 3992 729 4052 nt
747 3981 943 4051 insectanda
964 3980 1152 4052 delendave
1172 4005 1256 4052 cen-

127 4091 233 4170 seret,
267 4082 396 4152 etiamsi
428 4083 588 4173 haberet,
624 4107 686 4152 cnr
714 4085 772 4153 illa
796 4083 1072 4178 perhorresceret
1097 4093 1132 4152 et
1155 4108 1257 4154 aver-

126 4192 267 4275 saretur.
319 4186 439 4277 ltaque
463 4187 558 4256 Livii
579 4187 779 4257 Andronici
801 4210 926 4256 nomen
946 4185 974 4255 si
990 4194 1065 4254 erat
1087 4184 1258 4257 hocloco

127 4288 432 4376 exterminandum,
455 4287 551 4359 haud
575 4292 647 4359 scio
671 4292 862 4361 antestius
888 4287 1155 4360 substituendum
1175 4290 1256 4360 fue·
