2768 4838
43 345 47 357 ·
163 294 241 371 164
405 317 461 382 ua
485 318 519 369 o.
543 317 715 368 naurro
740 308 1054 367 clauserant.

166 492 245 540 sane
257 490 312 537 res
329 465 373 538 ab
385 467 531 538 Antonio
546 476 685 562 gestae,
710 467 738 537 si
756 486 876 536 verum
891 464 991 534 lateri
1006 465 1182 556 volumus,
1208 460 1289 534 iare

166 572 259 643 haud
269 571 426 665 indignae
441 572 555 662 fuere,
581 573 709 663 quippe
722 594 809 665 quae
825 572 883 639 illo
889 569 965 663 jam
979 579 1134 660 tempore
1149 576 1183 636 et
1194 568 1287 636 mul-

166 674 306 745 titudine
337 684 372 743 et
390 674 572 765 splendore
596 672 771 742 Octaviani
792 674 883 741 facta
914 674 1021 764 longe⁴
1046 680 1287 762 exsuperarent

167 779 365 870 largamque
384 775 541 844 laudandi
569 777 741 844 materiam
765 775 1028 868 suppeditarent.
1093 772 1182 842 Cum
1203 795 1285 844 vero

166 876 275 950 hoece
290 902 423 948 carmen
437 889 583 961 nostram
596 889 739 947 aetatem
753 902 820 947 non
834 878 964 965 tulerit,
989 876 1091 968 plane
1106 899 1167 944 nos
1184 876 1284 968 fugit,

167 983 340 1074 quomodo
359 982 470 1050 Anser
492 992 616 1073 poetae
636 992 750 1074 partes
770 983 812 1048 in·
828 1004 869 1050 eo
895 979 1073 1049 scribendo
1096 979 1286 1047 sustinuerit

167 1087 411 1179 praeconisque
425 1106 539 1152 rerum
560 1086 604 1152 ab
623 1085 688 1152 isto
703 1084 893 1153 Triumviro
908 1093 1122 1175 peractarum
1143 1083 1284 1173 proriu-

168 1190 254 1256 ciam
273 1188 556 1255 administraverit.
622 1187 702 1255 Hoc
727 1197 839 1254 autem
862 1187 1003 1272 scimus,
1044 1207 1198 1275 eumpro
1219 1186 1284 1252 isto

166 1299 325 1384 poemate
344 1312 465 1382 agrum
485 1289 670 1357 Falernum
689 1291 833 1358 muneris
853 1289 932 1356 loco
954 1290 998 1356 ab
1017 1289 1163 1356 Antonio
1182 1309 1284 1356 acce·-

166 1394 267 1487 pisse.
319 1391 416 1460 Haec
441 1392 618 1484 splendida
642 1393 794 1460 carminis
815 1393 1038 1459 remuneratio
1059 1391 1143 1480 quid
1162 1392 1284 1458 mirum

167 1496 195 1564 si
209 1496 349 1563 aliorum
363 1504 543 1585 poetarum
564 1494 721 1562 invidiam
736 1496 857 1562 Anseri
879 1496 1040 1563 conflaret
1063 1502 1114 1584 et,
1146 1488 1284 1561 simulac

166 1598 340 1692 publicum
362 1595 477 1664 odium
491 1596 524 1665 in
540 1598 721 1665 Antonium
737 1599 928 1686 exarsisset,
955 1598 1077 1666 eodem
1098 1597 1196 1663 etiam
1210 1595 1283 1687 eJus

116 1770 120 1777 ,
166 1702 271 1793 poeta
291 1708 500 1791 premeretur
526 1708 561 1767 et
588 1701 681 1792 quasi
712 1701 959 1792 conflagraret?
1017 1699 1133 1785 Quid?
1171 1722 1283 1766 nonne

166 1800 289 1873 cicero
306 1801 453 1894 Philipp.
475 1801 567 1872 Xlll.
588 1825 618 1868 c.
638 1798 674 1875 5.
705 1803 749 1874 T.
775 1802 817 1870 ll.
839 1825 874 1895 p.
892 1801 979 1873 482.
1001 1801 1157 1870 Wernsd.
1185 1800 1280 1891 illud,
1365 1818 1368 1823 ’

166 1903 261 1994 quod
275 1912 391 1972 contra
404 1905 632 1972 Triumvirum
651 1907 760 1973 animo
782 1914 986 1997 conceperat
1000 1905 1132 1992 odium,
1156 1902 1190 1970 iu
1205 1904 1281 1972 An-

166 2017 280 2075 serem
292 2006 493 2075 transfudit?
516 2007 650 2075 Etenim
664 2010 698 2076 in
712 2009 769 2076 illo
782 2009 878 2077 loco:
910 2007 1111 2092 Albanum,
1136 2005 1282 2074 Firma-

117 2174 122 2183 ,
164 2130 250 2178 num
266 2131 293 2176 a
310 2106 506 2178 Dolabella
524 2109 768 2202 recuperabit,
795 2113 902 2179 etiam
916 2110 964 2180 ab
982 2111 1130 2180 Antonio
1149 2109 1283 2178 lireca-

165 2212 308 2311 luaum,
333 2211 457 2304 bique,
482 2213 647 2304 quiuoac
664 2213 843 2282 Mutinam
857 2222 1086 2307 oppugnant,
1112 2212 1159 2282 D.
1187 2212 1281 2280 Bru-

164 2320 241 2383 tum
258 2312 438 2403 obsideat,
460 2316 509 2384 de
526 2314 680 2385 Falerno
701 2316 857 2386 Anseres
874 2316 1116 2408 depellentem
1141 2315 1185 2410 de
1206 2316 1281 2385 An-

164 2439 256 2502 sere,
280 2429 400 2509 poeta,
425 2419 561 2486 Antonii
572 2419 744 2509 familiari,
766 2420 982 2511 cogitandum
999 2444 1089 2508 esse,
1108 2419 1183 2511 jam
1198 2419 1282 2486 Ser-

95 2585 98 2595 ,
163 2519 236 2587 vius
259 2518 304 2586 ad
323 2519 440 2612 virgil.
464 2520 538 2587 Ecl.
553 2522 611 2589 lX.
635 2544 667 2589 r.
685 2520 744 2593 36.
766 2526 911 2612 monuit,
938 2524 993 2592 cui
1005 2524 1085 2615 jure
1106 2521 1281 2590 assentitur
1371 2599 1373 2604 ¹

165 2620 376 2693 Garatomus.
426 2620 522 2690 Haec
544 2623 618 2714 ipsa
641 2646 722 2692 vero
744 2625 880 2695 Anseris
900 2627 1045 2710 mentio,
1072 2650 1092 2694 a
1115 2625 1281 2694 Cicerone

164 2722 272 2813 sacta,
298 2724 380 2791 mihi
393 2723 532 2793 dubium
546 2726 676 2814 reddit,
702 2751 746 2794 an
771 2729 826 2796 ille
846 2739 915 2796 tam
938 2729 1083 2798 misellus
1102 2751 1142 2794 ac
1162 2728 1281 2817 prole-

163 2826 266 2893 tarius
286 2826 387 2894 fuerit
403 2830 659 2919 poeta,·qualis
681 2830 806 2899 Bavius
828 2841 861 2899 et
881 2830 1055 2917 Maevius,
1080 2831 1281 2919 quibuscum
1341 2858 1345 2864 ·

164 2929 375 3020 componitur
396 2939 432 2997 et
452 2932 527 3022 pari
546 2932 623 3000 loeo
645 2931 791 3002 habetur
811 2958 831 3001 a
855 2935 974 3004 Servio
996 2934 1041 3001 ad
1065 2934 1182 3025 Virgil.
1203 2933 1279 3000 Ecl.

163 3028 237 3100 Vll.
258 3034 291 3098 r.
313 3030 374 3100 21.
412 3031 557 3124 Thyrsis
578 3040 688 3120 vero,
707 3039 768 3130 qai
786 3037 953 3122 vincitur,
993 3037 1137 3129 Virgilii
1162 3033 1281 3105 obtre-

163 3139 297 3218 ctator,
332 3135 552 3205 scilicet'aut
578 3137 732 3223 Bauius,
767 3147 831 3206 ant
850 3139 983 3226 Auser,
1018 3148 1080 3208 aut
1101 3133 1281 3225 Maevius,

157 3234 306 3328 pessimi
318 3244 457 3327 poetae.
507 3240 671 3310 Antonius
689 3241 843 3332 quidem,
869 3243 965 3331 licet,
991 3251 1075 3311 teste
1094 3238 1279 3312 Plutarcho

163 3359 194 3405 e.
208 3337 243 3407 2.
255 3337 347 3409 TN.
354 3363 389 3431 p.
404 3339 501 3427 lot,
513 3322 736 3413 handleviter
749 3346 919 3412 literamm
929 3349 1049 3415 tinctus
1066 3356 1154 3415 esset
1167 3347 1289 3414 scien-'

162 3438 243 3531 lia,
264 3450 382 3533 utpote
402 3443 437 3510 in
463 3445 538 3536 ipsa
563 3446 708 3516 Graecia
739 3448 872 3539 dicendi
903 3450 1098 3518 facultatem
1126 3449 1275 3535 edoctus,

162 3550 275 3611 tamen
290 3545 455 3637 cumipse
477 3540 698 3634 Octavianus,
723 3565 860 3621 auctore
875 3553 1036 3633 Suetonio
1057 3577 1085 3624 e.
1108 3550 1181 3637 86,
1197 3573 1274 3617 eum

163 3667 205 3712 eo
224 3647 356 3714 nomine
383 3658 422 3715 ut
443 3650 596 3717 insanum
625 3653 833 3745 increparet,
875 3659 971 3744 quasi
995 3681 1035 3725 ea
1063 3655 1273 3738 scribentem,

160 3766 249 3835 quae
269 3749 429 3818 mirentur
448 3752 560 3843 potius
573 3753 742 3846 homiues,
768 3780 870 3848 quam
895 3758 1096 3852 intelligant,
1130 3750 1275 3823 dubitari

160 3857 289 3939 potest,
322 3874 364 3919 an
389 3853 424 3920 in
445 3855 609 3946 eligendis
636 3860 778 3928 nominis
805 3862 1094 3952 sui'praecouibns
1119 3881 1275 3938 severum

159 3950 349 4050 adhibuerit
384 3954 570 4045 delectum,
589 3950 592 3957 ¹
613 3965 809 4053 praesertim
838 3986 933 4051 cum,
975 3985 1077 4053 quam
1113 3960 1275 4056 ἄμουσος

72 4066 77 4070 ·
158 4053 274 4138 fuerit,
301 4078 358 4142 ea,
384 4080 472 4146 quae
488 4059 532 4129 de
549 4061 621 4153 ejus
637 4067 878 4134 necessitudine
893 4090 970 4135 cum
984 4066 1137 4153 Boetho,
1169 4075 1279 4158 poeta-

157 4155 332 4245 Tarseusi,
359 4179 413 4249 ap.
427 4160 585 4233 Strabou.
606 4165 684 4240 Lib.
703 4168 794 4239 X1V.
811 4193 846 4262 p.
869 4168 955 4239 ote.
992 4169 1058 4260 (Τ.
1072 4170 1114 4241 V.
1131 4194 1168 4263 p.
1186 4164 1273 4239 tor.

155 4242 321 4351 lach.)
341 4258 516 4353 leguntur,
554 4268 845 4349 ratiadeelarent.
905 4275 1157 4364 Verumtamen,
1194 4296 1274 4385 eum
