2768 4838
392 237 447 287 nr
473 240 506 288 c.
531 231 860 317 enarro-cisun
885 238 1040 292 scara.
1208 213 1283 289 151

158 385 238 457 Lib.
253 384 313 460 lx
329 409 358 456 c.
375 384 411 462 9.
428 384 462 458 l.
497 387 578 473 Quo
597 388 699 481 igitur
705 387 788 481 jure
802 389 945 484 Vulpius
960 396 995 457 et
1006 384 1143 458 Vossius
1157 385 1285 463 omme

157 498 274 559 nostro
287 512 404 582 praen.
424 489 576 586 Quintus
588 492 781 580 tribuerint,
806 516 876 563 non
892 493 1001 584 magis
1021 490 1135 560 habeo
1154 491 1282 583 dicere,

158 616 262 684 quam
293 592 387 683 quod
412 617 434 661 a
461 592 587 685 Vulpio
615 592 706 664 idern
742 596 844 666 etium
875 594 1059 666 Cornelius
1083 595 1281 666 nominetur.

158 696 341 782 Quaeritur
360 718 461 784 sane,
487 698 546 789 qui
565 696 693 765 iactum
714 698 773 786 sit,
798 707 837 769 ut
864 698 1156 785 Cinnae‘nomen,
1187 701 1282 792 genti

157 799 334 883 Corneliae
353 798 550 893 proprium,
575 788 620 868 ad
640 800 840 870 Helviorum
854 802 1016 871 familiam
1035 800 1279 873 traduceretur.

59 971 62 975 ,
157 902 264 987 Quod
276 902 365 970 enim
380 902 558 992 Xylander
578 901 623 971 ad
635 903 808 973 Plutarchi
826 906 893 976 Ἧι
915 905 1069 975 ciceron.
1090 926 1121 973 c.
1137 902 1172 974 1.
1195 904 1281 973 scri-
1319 894 1323 905 ¹

155 1006 240 1098 psit,
266 1005 400 1073 Romae
414 1005 517 1074 fuisse
530 1003 671 1075 Helvios
687 1004 815 1076 Cinnae
828 1009 1072 1100 cognomento,
1097 1005 1135 1075 id
1147 1007 1281 1113 vulgari

155 1107 331 1199 opinione,
358 1130 427 1205 qua
444 1102 501 1177 hic
522 1118 638 1179 noster
649 1119 755 1200 poeta
777 1120 811 1179 et
824 1112 976 1179 tribunus
997 1109 1125 1202 plebis,
1151 1109 1186 1178 in
1208 1110 1281 1184 dul.

159 1209 312 1281 Caesaris
335 1210 455 1279 funere
472 1212 591 1304 populi
612 1213 765 1281 manibus
784 1214 1000 1300 dilaceratus,
1027 1212 1085 1303 qui
1107 1213 1237 1305 etipse
1257 1237 1280 1281 a

155 1314 291 1391 Valerio
304 1311 457 1384 Maximo
469 1315 492 1382 1.
509 1337 539 1382 c.
559 1309 670 1407 cajus
681 1314 832 1386 Heluius
850 1315 966 1388 Cinna
977 1315 1179 1408 appellatur,
1191 1336 1278 1386 unus

154 1416 316 1508 idemque
329 1439 402 1485 esse
417 1418 585 1504 statuitur,
609 1440 749 1512 prorsus
762 1420 943 1504 refellitur,
970 1418 1147 1508 quoniam,
1172 1417 1278 1489 siau

155 1520 268 1611 opinio
288 1542 370 1588 vera
385 1529 456 1606 cst,
481 1521 608 1607 nullus,
628 1520 722 1610 quod
736 1524 857 1610 sciam,
880 1522 1021 1591 Hellius
1041 1528 1277 1614 praetcrpoe-

154 1631 224 1691 tum
238 1621 367 1692 Cinnae
383 1624 583 1716 cognomine
596 1624 640 1691 ab
657 1623 823 1694 historicis
838 1633 1054 1696 memoratur.
1088 1621 1161 1692 Sed
1174 1622 1277 1717 quid-

155 1724 237 1818 quid
250 1723 323 1818 ejus
339 1726 389 1794 rei
403 1734 471 1811 est,
497 1725 541 1794 de
555 1749 623 1816 qua
640 1725 799 1820 deinceps
813 1728 1019 1813 ridebimur,
1044 1725 1081 1795 id
1095 1720 1277 1803 statuamus

153 1851 292 1897 necesse
319 1838 386 1916 est,
420 1838 571 1896 nostrum
591 1829 756 1897 Helvium
771 1854 836 1922 per
859 1829 1049 1923 adoptionis
1064 1827 1124 1921 jus
1148 1827 1276 1900 cimae

154 1953 346 2024 cognomen
366 1932 556 2022 accepisse,
586 1953 699 2022 neque
719 1942 855 2019 tamen,
887 1931 982 2023 quod
1000 1931 1143 2023 Vulpius
1161 1931 1275 2007 nescio
1322 1965 1326 1976 ·

154 2057 222 2124 qua
235 2034 432 2102 auctoritate
451 2034 558 2104 frctus
574 2033 671 2122 dicit,
697 2057 822 2105 nornen
837 2034 1014 2105 Corneliae
1033 2054 1171 2126 quoque
1186 2038 1276 2126 genr-

106 2164 109 2171 ·
153 2137 193 2205 tis
212 2138 440 2230 assumpsisse.
466 2135 585 2227 ltaque
599 2138 743 2228 plenum
754 2160 942 2231 verumque
957 2136 1060 2232 hqjus
1072 2145 1275 2230 poctueno-
1350 2162 1354 2181 ··

153 2239 310 2310 men-fuit
323 2238 427 2333 Cajus
439 2240 582 2310 Helvius
600 2239 718 2311 Cinna.

665 2401 704 2507 ς.
730 2406 767 2480 r.

182 2628 185 2635 ,
252 2546 426 2639 Tempus,
452 2569 522 2636 quo
537 2544 649 2615 floruit
664 2546 808 2632 Noster,
830 2543 907 2616 satis
921 2541 1112 2613 delinitura
1128 2538 1274 2641 Catullo,

129 2710 133 2719 .
152 2650 211 2740 qni
224 2673 303 2719 enm
314 2652 336 2722 l.
352 2674 381 2718 c.
400 2650 563 2720 sodalem
577 2649 728 2743 appellat
746 2671 845 2720 suum
865 2656 899 2718 et
916 2655 1054 2740 praeter
1075 2642 1287 2713 familiarem

153 2753 197 2822 de
216 2753 405 2834 adulteriis,
427 2753 464 2835 ,in
482 2755 681 2821 immensum
699 2753 795 2821 brevi
813 2752 929 2838 auctis,
952 2749 1143 2840 querelam,
1170 2767 1273 2836 quam

151 2858 186 2933 in
201 2855 273 2949 ejus
289 2858 362 2925 sinu
376 2854 490 2926 Canu.
509 2852 632 2931 CXlll.
647 2853 802 2947 deponit,
816 2853 977 2946 ejusdem
992 2874 1135 2944 poema,
1149 2849 1273 2940 Smyr-

152 2983 249 3046 nam,
274 2983 351 3028 cum
365 2959 541 3027 manifesta
560 2956 694 3026 intimae
713 2956 877 3026 amicitiae
895 2956 1136 3049 significatione
1158 2951 1272 3021 Germ.
1302 2994 1308 3032 f

151 3063 256 3134 XCV.
268 3062 393 3133 laudat
436 3062 560 3159 ⁸Annus
578 3058 651 3152 ejus
668 3061 791 3158 *mtads
821 3083 891 3129 nos·
904 3061 1005 3140 latet;
1030 3056 1089 3149 qui
1109 3053 1273 3124 autemei
1318 3053 1322 3062 “

152 3166 254 3236 fuerit
267 3166 394 3253 fatalis,
421 3173 513 3234 certo
530 3164 626 3234 nobis
640 3173 825 3254 constaret,-
849 3164 896 3252 si,
922 3159 1073 3253 quaeda
1094 3157 1168 3251 ejus
1187 3179 1273 3227 nece

152 3269 342 3357 traduntur,
368 3277 461 3337 certa
472 3269 654 3337 niterentur
668 3265 748 3339 fide.

168 3414 173 3427 ι
254 3374 411 3463 Namque
425 3371 622 3456 Suetonius,
647 3374 750 3461 qlrem
767 3368 877 3462 primo
895 3364 1029 3435 testium
1044 3362 1123 3431 loco
1141 3381 1272 3454 ponere

152 3476 282 3568 placet,
307 3477 341 3545 in
362 3476 427 3544 Vit.
449 3473 519 3547 Jut
536 3473 635 3548 Caes.
659 3497 689 3542 c.
709 3467 770 3544 85.
794 3471 881 3540 haec
899 3468 1082 3571 memoriae
1101 3463 1271 3558 prodidit:
1330 3497 1332 3501 ·

154 3577 264 3649 Plebs
285 3579 406 3647 statim
424 3601 452 3646 a
465 3576 601 3671 flauere
625 3574 829 3668 (Caesaris)
859 3572 912 3642 ad
934 3571 1083 3639 domum
1102 3566 1209 3637 Bruti
1236 3571 1271 3633 et

157 3680 273 3753 Cassii
294 3704 374 3750 cum
385 3679 536 3775 facibus
555 3679 722 3749 tetendit:
759 3686 867 3772 atque
882 3695 998 3768 aegre
1017 3672 1183 3764 repulsa,
1207 3665 1271 3738 ola
1304 3691 1308 3696 ·

124 3788 128 3811 '
152 3787 249 3855 oium
260 3784 327 3854 sibi
339 3784 507 3855 Helvium
524 3782 693 3870 Ginnarn,
712 3790 785 3877 per
804 3801 963 3851 errorem
976 3773 1143 3862 nominis,
1168 3770 1272 3866 quusi

158 3888 342 3959 Cornelius
369 3888 402 3958 is
425 3893 532 3971 esset,
573 3908 677 3980 quem
698 3885 867 3980 grauiter
885 3880 1009 3975 pridie
1028 3877 1282 3947 condonatum*

153 3991 202 4062 de
232 3990 391 4061 Caesare
411 3987 632 4084 requirebat,
657 3988 808 4073 occidit,
842 3991 1021 4078 caputque
1039 3976 1113 4074 q’us
1128 3975 1272 4077 praefi·

153 4117 239 4164 aum
264 4095 393 4165 hastae
411 4091 633 4167 circumtulit.
685 4091 765 4162 Hoc
785 4090 889 4184 igitur
910 4088 1037 4178 aliquot
1053 4084 1172 4152 diebus
1193 4086 1273 4173 post

153 4197 233 4268 idus
244 4184 387 4269 Martias
402 4223 433 4268 a.
446 4196 494 4269 U.
508 4195 548 4268 0.
564 4192 706 4284 ulma.
721 4193 852 4277 Chen.
867 4189 928 4260 44.
942 4187 1072 4259 accidit
1098 4186 1180 4256 Jam
1194 4204 1271 4249 cunr
1291 4289 1294 4299 ἱ
