2768 4838
27 313 33 323 ,
147 249 227 329 m
389 269 503 327 aaa.
527 269 856 353 nanciacum·
877 268 1034 327 roura.

146 429 280 526 phanus
292 428 380 521 Bya.
392 451 419 498 s.
432 426 469 501 h.
481 450 514 499 v.
529 451 566 522 p.
577 425 666 497 arr.
680 428 743 517 ait,
766 426 823 497 vel
834 428 1039 496 nominatam
1054 449 1128 515 esse
1141 425 1273 497 Strabo¹

48 552 51 557 '
145 536 189 607 L.
206 533 297 604 XIV.
317 532 351 601 I.
372 527 408 627 δ.
424 530 461 600 4.
481 533 525 604 Τ.
541 532 642 625 Ἡ).
656 528 743 600 5⁰5.
758 531 824 605 Tz.
846 532 969 622 aliique
990 532 1149 601 refenmt.
1188 532 1269 617 Alii,

144 637 289 731 propius
303 635 348 703 ad
356 636 535 723 ,veritatem
546 634 765 721 accedentes,
787 634 1031 720 existimarunt,
1056 635 1164 726 egisse
1179 634 1267 703 illud

146 760 283 810 carmen
309 737 353 806 de
375 738 545 806 notissimo
565 736 730 806 Adonidis
759 738 896 828 mytho,
935 738 970 805 in
995 737 1158 831 quopjam
1181 737 1268 806 inter

92 846 94 851 ’
146 841 299 912 Graecos
315 839 486 910 Hesiodus
501 848 536 908 et
548 840 728 937 Panyasis,
754 849 840 909 auct.
848 840 1063 933 Apollodoro
1078 840 1137 910 III
1147 838 1205 907 14.
1219 836 1267 929 4.,

144 944 292 1015 studium
309 966 406 1013 sunm
421 964 629 1035 operamque
644 944 872 1011 collocassent.
926 936 1078 1011 Tametsi
1091 942 1189 1011 haud
1197 943 1268 1012 dif-

142 1038 260 1135 fiteor,
285 1047 333 1115 illi
352 1045 397 1143 de
409 1046 568 1115 Adonide
582 1045 703 1137 mytho
719 1047 833 1114 locum
845 1046 879 1114 in
895 1044 963 1113 hcc
985 1046 1131 1114 carmine
1149 1047 1267 1136 utiquc

142 1150 247 1221 fuisse
263 1148 396 1238 datum,
419 1156 551 1237 tamen,
578 1150 605 1218 si
620 1149 728 1218 Cinna
742 1148 833 1240 ipse,
859 1148 954 1237 quod
969 1146 1120 1218 Catullus
1135 1149 1267 1245 proha-
1298 1224 1301 1229 ,

142 1252 213 1323 hile
232 1252 360 1340 reddit,
395 1274 494 1321 suum
513 1273 601 1346 opus
624 1252 793 1342 Zmyrnae
820 1252 953 1327 nomine
973 1251 1158 1343 inscripsit,
1198 1274 1267 1321 non

121 1427 124 1439 ,
142 1357 265 1440 timeo,
289 1378 333 1425 nc
348 1355 463 1445 fallar,
487 1344 517 1424 si
531 1355 789 1424 abominandam
805 1355 974 1444 Zmyrnae
989 1377 1017 1425 s.
1030 1353 1197 1445 Myrrhae
1216 1355 1266 1423 li-

125 1457 313 1544 hidinem,
337 1481 406 1548 qua
426 1467 558 1551 patrem
580 1459 757 1548 Cinyram,
783 1458 827 1525 ab
849 1459 934 1525 irata
954 1456 1088 1526 Venere
1108 1458 1266 1550 instigata

143 1561 201 1653 (v.
215 1560 365 1632 Theocr.
377 1560 428 1632 Id
442 1560 469 1629 I.
488 1558 573 1628 loa.
587 1561 668 1650 ibiq.
685 1559 849 1652 schol),
872 1560 1035 1653 deperiit,
1061 1568 1096 1629 et
1116 1561 1266 1629 miserri-

142 1687 218 1753 ma,
244 1687 333 1755 quac
356 1663 436 1732 inde
461 1664 610 1732 insecuta
631 1672 721 1751 sunt,
753 1661 825 1755 ejus
846 1663 918 1732 iata
937 1662 1157 1756 praecipuam
1177 1664 1265 1733 illius

144 1767 299 1837 carminis
327 1774 460 1859 partem
489 1767 697 1835 constituisse
718 1767 888 1859 suspicor:
929 1767 1091 1857 alioquin,
1131 1767 1263 1857 opinor,

144 1870 211 1940 alio
229 1892 326 1939 suum
345 1890 432 1962 opqs
445 1870 667 1962 insignivisset
685 1870 790 1937 titulo.
840 1869 938 1939 Haec
950 1869 1027 1963 jam
1046 1868 1109 1936 fuit
1126 1878 1263 1937 senten-

48 2051 51 2055 ,
138 1974 192 2043 'tia
205 1972 290 2045 Adr.
311 1972 465 2042 Turnebi
480 1972 624 2042 Advers.
644 1973 721 2042 Lib.
738 1971 846 2041 XVII.
865 1997 894 2042 c.
911 1973 971 2042 ΓΙ.
987 1996 1023 2063 p.
1041 1968 1264 2061 569.,‚eaquc

142 2076 295 2147 firmatur
317 2075 417 2143 etiarn
437 2076 572 2168 paucis,
606 2069 693 2166 quae
714 2086 907 2167 supersunt,
933 2075 1148 2167 fragmentis,
1174 2097 1264 2164 quae

143 2188 180 2249 at
192 2200 328 2247 cannen
340 2177 423 2245 illud
438 2179 526 2270 epici
540 2180 674 2270 generis
688 2179 789 2246 fuisse
804 2180 968 2271 probant:
996 2201 1065 2268 quo
1084 2178 1186 2246 mirus
1205 2199 1263 2245 er-

140 2291 200 2352 'rcr
219 2281 380 2373 Gedoyui
394 2282 576 2369 refutatur,
601 2278 646 2348 ad
667 2274 804 2366 Quintil.
825 2281 851 2350 I
869 2279 929 2350 Or.
951 2282 995 2351 Χ.
1024 2279 1060 2349 4.
1092 2278 1128 2348 4.
1149 2280 1264 2349 existi-

30 2473 33 2483 Ι
140 2385 279 2472 manda,
320 2384 448 2454 Cinnae
470 2385 654 2474 Zmyrnam
676 2384 778 2453 fuisse
800 2385 951 2458 fabulam
974 2384 1159 2453 scenicamt
1204 2382 1263 2473 qui

141 2486 237 2558 error
244 2486 321 2580 jam
335 2511 356 2554 a
370 2486 646 2579 Capperonnerio
661 2497 794 2556 notatus
808 2496 868 2556 est.
922 2487 1003 2572 Quo
1017 2488 1130 2579 plures
1149 2495 1263 2553 auteur

140 2600 177 2659 et
198 2591 284 2659 inter
306 2613 343 2658 se
372 2588 599 2682 discrepantes
630 2589 674 2656 de
695 2591 760 2658 isto
782 2589 948 2681 Myrrhae
973 2591 1120 2675 incestu,
1159 2610 1263 2677 quem

142 2691 285 2762 Ovidius
307 2691 450 2767 Metam.
470 2692 514 2761 X
543 2689 620 2761 298
640 2731 694 2745 -
713 2691 801 2761 5⁰2.
824 2715 885 2761 suo
908 2716 1005 2762 mare
1031 2692 1201 2776 tractavit,
1226 2691 1261 2759 in

23 2806 27 2819 “
141 2796 337 2886 antiquitate
360 2796 534 2865 exstabant
548 2795 770 2883 narrationes,
795 2818 837 2864 eo
857 2797 1001 2889 amphor
1021 2795 1160 2887 patebat
1178 2792 1262 2862 Cin·

139 2921 205 2968 nae
221 2907 338 2968 nostro
354 2920 515 2991 campus,
540 2900 575 2967 in
586 2921 655 2988 quo
676 2898 846 2992 ingenium
861 2923 1020 2968 exercere
1042 2907 1075 2966 et
1091 2896 1262 2965 doctrinae

139 3010 254 3071 vastae
268 3011 370 3092 atque
387 3024 430 3071 ex
442 2994 563 3071 veteris
583 3001 822 3097 Mythologiae
841 3003 936 3073 fonte
956 3002 1098 3071 haustae
1120 3023 1206 3094 opes
1226 3006 1261 3068 et

140 3105 275 3198 copiam
295 3127 495 3196 expromere
510 3114 637 3197 posset.
1322 3138 1326 3145 Α

245 3207 396 3277 Catullus
417 3206 560 3278 Cinnam
581 3208 725 3277 amicum
746 3206 895 3299 primum
915 3229 957 3276 eo
977 3207 1112 3274 nornine
1133 3203 1260 3290 laudat,

69 3322 75 3329 '
139 3309 235 3403 quod
247 3310 430 3403 Zmyrnam
454 3334 550 3382 suam
566 3320 647 3404 post
666 3334 789 3379 novem
808 3310 946 3379 demum
961 3332 1065 3378 annos
1088 3311 1122 3377 in
1148 3310 1260 3376 lucem

140 3414 300 3487 ediderit:
325 3414 371 3484 oh
394 3438 496 3504 quam
518 3415 820 3506 diligentissimam,
855 3437 957 3504 quam
981 3412 1159 3481 scribendo
1180 3433 1258 3477 car·

137 3518 219 3599 mini
230 3517 467 3610 impendebat,
493 3541 608 3588 curam
621 3519 756 3586 omnino
771 3518 827 3586 ille
847 3518 882 3586 in
897 3541 1023 3610 magna
1036 3514 1259 3599 celebratione

138 3620 232 3714 apud
245 3620 398 3713 antiquos
411 3622 484 3689 fuit.
536 3622 658 3711 Neque
682 3619 852 3689 Catullum
873 3643 1014 3690 numero
1034 3619 1180 3711 rotundo
1201 3615 1259 3683 hic

138 3747 213 3794 esse
228 3747 345 3811 nsum,
371 3724 476 3793 fidem
495 3723 576 3792 lacit
592 3724 812 3809 Quintilianus
830 3724 857 3792 l.
879 3722 941 3795 Or.
962 3724 1005 3792 X.
1032 3720 1068 3791 4.
1090 3719 1126 3789 4.
1160 3718 1260 3790 Num

137 3826 233 3920 quod
252 3825 386 3899 Cinnae
404 3827 602 3919 Zmyrnam
615 3849 740 3896 novem
753 3828 855 3897 nanis
869 3828 1072 3920 accepimus
1085 3824 1260 3916 scriprtnm

136 3937 172 4000 et
187 3930 454 4024 Panegyricum
474 3929 664 4016 Isocratis,
690 3931 752 4022 qui
759 3931 990 4023 parcissime,
1016 3928 1141 3997 decem
1157 3925 1259 3995 anaia

135 4033 260 4104 dicant
281 4029 522 4121 elaboratam,
548 4032 602 4122 cd
623 4040 806 4103 oratorem
826 4034 915 4103 nihil
931 4031 1098 4126 pertinet.
1157 4030 1260 4099 Atta-

134 4160 215 4207 men
231 4136 326 4206 ahter
337 4137 475 4206 Servius
495 4137 541 4206 ad
556 4137 650 4230 Virg.
663 4136 741 4208 Ecl.
754 4136 814 4205 IX.
836 4159 868 4206 r.
883 4135 944 4204 35.
995 4134 1121 4204 Etiam
1144 4132 1259 4203 Cinna

135 4240 289 4335 oplimas
302 4247 415 4336 poeta
437 4228 526 4334 snit,
550 4240 612 4334 qai
629 4238 773 4335 scripsit
794 4237 1006 4332 Smyrnam:
1031 4260 1136 4333 quem
1155 4233 1259 4309 lahel-
1295 4308 1300 4315 ,
