2768 4838
133 260 187 356 4'2
432 303 495 363 uu
535 304 733 358 uasvro
772 304 962 355 roura.

95 544 99 551 Ι
132 455 307 529 beiactare
326 453 450 529 frustra
473 459 618 550 studuit,
659 461 935 553 quandoquidem
954 461 1011 530 illa
1031 460 1152 530 misere
1178 480 1257 549 cor,-

131 571 235 655 rupta
248 581 290 629 ac
303 563 453 633 mutilata
467 573 552 633 sunt
606 558 695 664 Sisi,
722 565 815 655 quod
835 566 984 659 inprimis
998 565 1114 655 magni
1134 562 1202 631 hac
1221 564 1258 631 in

132 687 252 733 caussa
272 673 323 735 est
336 668 517 756 momenti,
548 689 765 759 nequaquam
785 689 872 759 opus
892 669 973 752 fuit,
1005 680 1041 736 ut
1063 665 1259 758 hujusmodi

129 768 320 862 poematia,
344 768 466 851 inuno
480 768 623 839 collecta
638 770 730 839 libro
750 779 785 840 et
798 770 928 862 publici
943 769 1029 862 juris
1052 769 1161 853 facta,
1185 790 1256 836 uno

131 869 323 961 eodemque
347 872 537 963 composita
556 882 668 941 essent
684 881 811 942 metros
835 882 874 941 ut
893 871 996 941 docet
1015 895 1076 941 nos
1093 872 1168 964 ipse
1185 868 1256 940 Ca-

129 972 247 1061 tullus,
274 970 332 1062 qui
347 985 543 1065 poematum
568 975 706 1043 diversis
725 998 883 1044 uersumn
905 974 1085 1066 generibus
1110 974 1256 1064 scripto-

14 1163 17 1167 ·
128 1098 206 1144 rum
229 1075 396 1168 Syllogen
424 1075 584 1146 Cornelio
607 1078 735 1169 Nepoti
766 1079 813 1146 ita
842 1078 1007 1170 inscripsit
1035 1075 1149 1145 Carm.
1168 1075 1195 1143 l.
1221 1072 1255 1143 l.

133 1177 228 1273 Quoi
241 1179 333 1247 dono
347 1178 505 1271 lepidotis
522 1202 649 1249 novum
671 1179 830 1249 libellum
849 1180 973 1249 Arida
988 1180 1095 1248 modo
1110 1177 1256 1270 pumice

53 1304 57 1313 ⁴
129 1276 350 1373 eapolitum?
389 1282 505 1367 Quare
519 1282 617 1350 metri
632 1281 823 1370 diversitas,
843 1282 979 1372 quaein
992 1305 1059 1370 uuo
1074 1290 1132 1349 aut
1146 1281 1254 1348 altero

128 1383 278 1471 illorum,
318 1406 407 1473 quae
440 1385 635 1453 nominatim
669 1408 772 1476 supra
810 1386 922 1474 anuli,
945 1394 1149 1477 poematum
1180 1384 1254 1450 fra-

128 1496 267 1578 gmento
279 1486 396 1576 utique
409 1487 591 1578 reperitur,
616 1509 684 1555 nou
698 1487 760 1555 erit
772 1487 1034 1579 impedimento,
1060 1486 1253 1576 quominus

128 1590 203 1677 illa,
228 1589 465 1658 accedentibus
484 1589 683 1681 praesertim
699 1590 770 1658 aliis
785 1590 926 1676 caussis,
956 1611 1021 1682 pro
1038 1589 1190 1682 partibus
1210 1610 1252 1655 ac
1294 1648 1299 1659 .

128 1693 233 1761 veluti
252 1692 412 1760 membris
433 1693 551 1779 totius,
584 1691 678 1782 quod
698 1692 976 1785 Erotopaegnion
1006 1693 1139 1760 nomine
1159 1692 1256 1760 cele--

128 1796 263 1880 bratur,
285 1793 440 1886 conponis
458 1794 654 1864 habeamus.
705 1795 861 1886 Denique
881 1817 979 1864 meae
996 1795 1041 1862 de
1062 1794 1253 1863 Laeviano-

128 1921 205 1967 rum
218 1897 497 1989 Erotopaegnion
506 1897 598 1966 libris
613 1899 795 1968 sententiae
811 1888 972 1988 quantum
987 1896 1253 1991 commendatip·
1289 1939 1290 1942 =

83 1998 86 2003 ’
127 2002 178 2070 nis
192 2007 226 2068 et
249 1998 433 2091 adjumenti
450 2007 588 2069 accedat
606 2001 681 2092 ipsa
703 2002 816 2092 operis
836 2000 1067 2093 inscriptione,
1093 2022 1199 2091 quae,
1225 1998 1254 2067 si

103 2102 211 2194 .quid
225 2101 364 2194 judico,
397 2112 618 2196 aperpetuo‚
657 2104 753 2194 quod
773 2102 911 2190 dicitur,
946 2105 1093 2171 carmine
1113 2125 1253 2196 prorsus

126 2207 237 2279 aliena
251 2215 341 2292 erat,
365 2226 433 2274 non
447 2229 533 2297 opus
548 2215 615 2293 est,
639 2216 678 2274 ut
691 2207 844 2298 pluribus
859 2205 1097 2274 demonstrem

228 2309 310 2378 Jam
322 2308 410 2376 ha‘ec
427 2309 454 2376 si
469 2331 551 2376 vera
566 2319 659 2396 sunt,
684 2331 754 2377 non
768 2309 982 2397 mirabimur,
1008 2309 1067 2397 qui
1088 2308 1163 2376 lieri
1183 2328 1253 2400 po-

125 2411 242 2498 tuerit,
284 2420 322 2481 ut
352 2412 470 2485 Laevii
488 2412 764 2504 Erotopaegnia,
804 2433 893 2502 quae
917 2434 973 2503 ap.
998 2410 1148 2480 Gellium
1166 2410 1198 2480 Ι1.
1222 2432 1252 2478 c.

112 2515 246 2607 procul
260 2513 364 2584 dubio
378 2513 596 2607 intelligenda
615 2523 708 2600 sunt,
734 2539 756 2582 a
769 2514 946 2583 Graeculis
967 2514 1048 2582 istis.
1059 2537 1137 2581 cum
1155 2514 1252 2584 Ana-

125 2618 292 2687 creonteis
314 2625 588 2710 compararentur
611 2616 752 2687 odariis:
780 2617 816 2685 in
830 2640 899 2706 qua
917 2617 1129 2685 contentione
1143 2617 1253 2684 mani-

125 2721 251 2791 festum
272 2729 338 2809 est,
375 2743 445 2799 non
471 2728 542 2788 tam
563 2720 698 2788 illorum
725 2730 924 2813 poematum
951 2727 1189 2811 argmnentmn
1219 2726 1254 2786 et

125 2825 317 2914 materiam,
334 2846 437 2913 quam
451 2845 569 2891 eorum
583 2824 730 2892 formam
746 2821 968 2912 habitumque
984 2823 1117 2914 respici.
1151 2823 1252 2905 Nam,

126 2928 209 2995 dum
228 2927 275 2994 illi
294 2922 500 3019 Anacreonti
507 2923 667 3020 fluedes
690 2926 1033 3010 deliciastribuunt,
1066 2922 1252 2990 orationem

126 3030 333 3123 significant,
374 3051 480 3119 quae,
512 3022 551 3099 ut
580 3029 686 3098 verba
709 3028 903 3114 Quintiliani
929 3028 956 3095 1.
979 3026 1038 3096 0r.
1060 3027 1136 3094 Lib.
1164 3024 1192 3093 1.
1216 3024 1252 3096 1.

126 3130 163 3229 §.
177 3132 238 3206 ot.
260 3154 338 3202 mea
357 3132 498 3218 faciam,
543 3155 613 3201 non
639 3154 755 3201 versus
780 3130 960 3200 affectatae
983 3127 1187 3195 difficultatis
1210 3150 1253 3197 ex

125 3237 278 3328 pluribus
298 3244 333 3304 et
346 3235 530 3328 asperrime
546 3235 742 3303 coeuntibus
757 3235 844 3303 iuter
862 3256 900 3303 se
916 3231 1053 3335 syllabis
1071 3239 1252 3318 catenatos,

127 3350 162 3408 et
175 3341 278 3409 veluti
289 3339 512 3431 ,confragosos
526 3339 655 3424 volvat,
682 3337 744 3406 sed
765 3359 853 3427 quae
867 3336 979 3405 vincta
997 3334 1092 3403 molli
1112 3344 1146 3402 et
1168 3357 1252 3401 con-

126 3444 225 3511 cinna
248 3444 429 3539 uerborum
449 3442 668 3510 collocatione
685 3449 719 3508 et
732 3462 894 3527 numero,
919 3448 1093 3528 tamquam
1116 3437 1252 3506 sedatus

124 3547 249 3635 amnis,
274 3568 383 3639 prono
397 3545 495 3612 alveo
512 3552 546 3612 et
559 3544 629 3612 sine
649 3544 786 3612 salebris
805 3541 981 3626 decurrat;
998 3541 1051 3610 cui
1068 3541 1252 3632 opponitur

124 3648 311 3741 implicato
335 3648 453 3718 Laevii
475 3647 600 3733 oratio,
635 3670 724 3737 quae
746 3648 816 3716 sine
837 3668 962 3715 vocum
982 3653 1017 3713 et
1036 3644 1253 3713 modulorum

124 3754 286 3822 suavitate
306 3774 428 3843 aspera
447 3759 499 3819 est
521 3758 556 3818 et
575 3748 689 3817 hiulca
712 3772 840 3840 neque,
866 3758 903 3819 ut
925 3747 1058 3839 Salejus
1074 3747 1198 3814 Bassus
1218 3746 1252 3812 in

108 3858 237 3926 .Pison.
250 3875 282 3924 v.
297 3853 358 3923 62.
373 3856 436 3939 ait,
457 3855 564 3923 verba
579 3851 689 3921 dulcia
703 3853 900 3942 liquidoque
916 3852 1052 3919 fluentia
1074 3872 1173 3917 cursu
1188 3849 1252 3915 de-

125 3960 228 4029 volvit
258 3958 332 4049 15).
384 3956 489 4042 Quod
509 3955 648 4048 quidem
660 3955 831 4051 judicium
851 3954 955 4047 quam
967 3975 1086 4025 verum
1101 3951 1251 4046 justum—

125 4134 335 4152 Μ

125 4249 130 4264 ’
193 4227 243 4297 15)
261 4226 339 4283 Facit
354 4227 409 4280 lmc
424 4226 499 4280 loeus
517 4225 599 4282 Plinii
617 4225 700 4294 Epist.
715 4223 775 4279 Lib.
791 4223 822 4276 V.
840 4222 883 4275 17.
901 4224 927 4289 ς.
944 4221 971 4274 2.
990 4219 1018 4274 in
1034 4235 1089 4290 qna
1105 4219 1253 4286 Spurinnae

125 4317 175 4356 ruo
190 4298 307 4360 nuntiat.
323 4317 352 4354 se
368 4297 451 4353 inim
465 4297 494 4352 iu
509 4296 642 4352 uudltorio
659 4294 795 4365 Calpurnii
814 4293 930 4357 Pisonis,
954 4295 982 4347 et
997 4292 1036 4347 ita
1055 4291 1157 4360 pergit:
1176 4290 1252 4356 „lle-
