2768 4838
128 232 206 311 lto
367 254 423 315 aa
448 254 685 305 aurcrrro
710 254 849 305 onero
874 252 1034 307 rossa.

126 413 164 487 4.-
174 434 255 509 pag.
269 409 333 513 2ll.
355 409 637 504 Wyttenbachius
656 410 760 505 igitur
771 409 858 482 illud
872 409 918 481 de
940 410 1057 483 Attilio
1071 409 1243 505 judicium

127 519 234 591 Calvo
246 525 362 585 nostro
373 515 525 604 ascribit,
549 516 644 606 quod
658 515 781 586 Cicero
799 537 898 592 sunm
911 514 1039 588 fecerit.
1088 518 1244 588 Davisius
1307 581 1309 585 ,

127 631 162 693 et
176 619 402 707 Goerenaius,
427 641 531 709 quem
546 619 767 689 intellexerint
778 618 961 706 Licinium,
987 642 1055 688 non
1068 618 1245 707 dixerunt3

52 780 55 788 .
126 724 305 797 Schutzius
322 731 436 791 autem
454 721 625 791 danastro
639 723 741 811 etiam
758 731 892 791 oratore
908 730 943 790 et
957 730 1061 814 poeta
1075 725 1243 816 cogitarit

125 828 254 901 verum
268 835 382 896 tamen
397 824 556 917 equidem
569 824 669 906 valde
682 823 818 913 dubito,
831 848 913 894 num
925 824 1046 895 Cicera
1059 824 1104 893 ad
1117 850 1250 918 aequa-
1330 836 1334 843 '

125 932 167 1001 lis
197 934 299 1020 atque
316 928 460 1022 junioris
477 928 646 1021 scriptoris
671 928 869 1021 'provocarit
887 929 1136 1017 auctoritatem,
1176 955 1247 1022 qua

126 1056 225 1104 saum
238 1032 400 1126 probaret
420 1030 464 1099 de
476 1031 592 1101 Attilio
608 1030 793 1124 judicium:
818 1041 1026 1124 quapropter
1047 1041 1105 1102 aut
1122 1032 1254 1105 intelli--

126 1135 260 1230 gendus
282 1143 334 1203 est
361 1132 402 1204 G.
421 1133 580 1205 Licinias
597 1133 764 1219 Imbrex,
787 1144 893 1227 poeta
914 1136 1078 1222 comicus,
1109 1135 1248 1230 dequo

127 1238 296 1309 Bothiam
307 1238 345 1305 iu
358 1236 458 1307 Post.
473 1235 676 1311 transeo.
688 1237 767 1308 Vol.
782 1237 826 1307 V.
837 1238 877 1306 P.
895 1236 930 1305 2.
944 1260 981 1330 p.
995 1235 1068 1325 39,
1082 1241 1140 1308 ubi
1154 1241 1248 1311 huna

127 1340 249 1412 Licinii
266 1362 417 1425 versum,
457 1337 692 1409 detruncatum
711 1348 825 1433 tamen
847 1340 978 1409 verbm:
1009 1347 1048 1409 at
1060 1339 1250 1435 legendas

128 1443 195 1533 sil,
218 1441 366 1536 profert,
392 1439 558 1533 cogitasse
571 1441 689 1527 video,
715 1451 790 1529 aut,
810 1441 905 1532 quod
919 1441 1002 1509 milri
1014 1443 1136 1513 rectius
1150 1447 1246 1517 ride·

128 1555 202 1633 tar,
227 1542 562 1630 Porciaslsiciains,
586 1545 644 1635 qui
657 1542 805 1613 Hiram
824 1543 873 1613 de
891 1541 1013 1614 Poetis
1031 1545 1181 1640 scripsit,
1207 1574 1251 1621 ex
1300 1591 1304 1596 -

130 1670 201 1743 quo
217 1646 368 1719 aGellia
384 1646 428 1717 N.
440 1647 484 1715 A.
498 1646 574 1716 Lib·
591 1645 700 1715 XVII.
715 1668 745 1719 c.
758 1644 819 1714 21.
833 1642 871 1715 hi
885 1646 1103 1738 proferuntur
1115 1648 1251 1724 uersusr

232 1749 386 1821 Paerdco
401 1746 494 1818 dello
504 1748 658 1819 secando
673 1747 945 1840 Masapiaaato
959 1749 1087 1841 gradu
1243 1836 1245 1840 Ι

153 1902 158 1911 -
232 1842 360 1923 Intulit
369 1873 409 1922 se
423 1849 628 1923 bellicosam
643 1851 680 1921 ia
694 1850 840 1921 Rormrli
852 1850 1142 1945 geatemjeram.

131 1954 299 2049 Ejusdem
312 1954 425 2023 Porcii
437 1954 572 2043 Licinii,
598 1977 702 2046 quem
716 1955 869 2046 suspicor
881 1954 982 2023 fuisse
996 1954 1163 2048 juniorem
1177 1958 1252 2029 ΤΘ·-

131 2058 230 2129 rentii
243 2057 438 2149 aequalem,
453 2057 537 2127 alios
552 2064 668 2147 sersus
679 2057 797 2127 laudm
808 2055 939 2126 Gellius
952 2058 997 2126 N.
1011 2058 1054 2128 A.
1070 2060 1147 2130 Lib.
1160 2062 1254 2136 XlX.

116 2164 165 2233 ‘c.
190 2160 227 2233 9.

239 2259 413 2334 Custodes
426 2260 561 2349 oviam,
585 2266 798 2355 ternaeque
805 2259 1025 2355 propaginis
1038 2260 1187 2355 agnam,

189 2459 193 2466 .
263 2363 475 2479 ,Quaeritis
496 2360 651 2459 ignem?
678 2363 737 2435 lta
761 2364 841 2433 huc.
907 2361 1119 2463 Quaesitis?
1149 2367 1256 2463 Ignis

706 2508 710 2517 .
756 2461 912 2536 homo'st.
1158 2508 1161 2514 ·
1336 2472 1345 2493 ‘

177 2642 185 2652 ,
236 2565 282 2643 Si
292 2567 411 2661 digito
424 2566 600 2661 attigero,
624 2565 814 2637 incendam
832 2569 962 2639 alvom
980 2567 1087 2640 sioaai
1103 2591 1258 2642 ananam

295 2668 549 2767 Omaepe'cas:
567 2666 764 2765 flaonma’st
777 2670 914 2759 omnia,
939 2694 1013 2765 qua
1025 2673 1139 2742 video.

74 2776 77 2781 '
135 2774 185 2845 uti
202 2773 272 2844 hoc
292 2773 536 2866 Fragmentum
557 2773 663 2845 edidit
684 2773 886 2848 Gronovius.
935 2774 977 2844 ln
993 2776 1055 2844 illo
1079 2776 1123 2845 de
1142 2777 1264 2859 Poetis„¹

135 2877 244 2947 Libro
269 2878 422 2947 versibus
444 2877 642 2966 trochaicis,
684 2886 725 2947 ut
743 2878 915 2966 ridemus,
952 2878 1092 2948 Porcius
1112 2880 1259 2949 Licinius
1367 2924 1369 2934 ι

136 2988 333 3079 persecutus
355 2989 428 3051 erat
444 2979 618 3050 historiam
639 2988 673 3050 et
692 2979 764 3050 fata
777 2982 867 3052 Artis
886 2982 1046 3050 Poeticae
1069 2983 1163 3075 apud
1182 2985 1260 3052 Ro-

137 3106 255 3153 manos
271 3091 306 3153 et
319 3082 530 3154 hauddubie
550 3083 701 3178 singulos
714 3084 904 3154 summatim
917 3096 1156 3176 percensuerat
1167 3086 1260 3156 Poe-

138 3196 191 3255 tas
208 3208 374 3277 suumque
386 3186 431 3256 de
445 3188 485 3257 iis
504 3188 750 3282 interposuerat
754 3186 940 3283 judiciem,
964 3187 1080 3278 ibique
1098 3191 1199 3260 etiam
1215 3190 1261 3259 de

139 3290 257 3360 Attilio
275 3290 475 3384 scripserat:
712 3310 716 3316 ·

241 3391 418 3465 Ferreum
439 3392 669 3489 scriptorem
698 3413 840 3478 naam,
875 3390 1019 3489 apinam
1052 3393 1261 3491 scriptores

759 3502 891 3582 tamen,

227 3595 297 3677 ‚Ut
321 3595 499 3690 tegendas
521 3596 578 3669 sit.

142 3696 237 3789 quod
243 3697 411 3794 judicium
425 3700 546 3770 Cicero
567 3700 631 3771 sibi
644 3699 826 3793 probatum
840 3702 876 3770 in
896 3722 991 3771 suam
1008 3721 1159 3772 caussam
1177 3718 1261 3765 con-

142 3802 258 3892 vertit,
284 3804 342 3894 qui
356 3803 501 3875 simodo
514 3805 571 3875 illa
584 3804 706 3874 verba:
721 3802 888 3897 ferream
905 3805 1130 3898 scriptorem,
1152 3821 1263 3889 neque

142 3904 312 3999 integrum
343 3906 462 3976 Licinii
481 3908 594 3977 locum
615 3908 773 3977 voluisset
797 3907 980 3995 adhibere,
1026 3929 1095 3976 non
1122 3902 1264 3971 dubium

143 4008 226 4078 milri
243 4016 314 4095 est,
337 4010 419 4100 quin
431 4010 488 4082 illa
504 4011 571 4081 alio
584 4020 695 4102 eoque
709 4012 858 4081 breviori
874 4010 978 4078 modo
992 4008 1149 4076 orationis
1168 4006 1265 4074 seriei

144 4111 366 4183 adneruisset
419 4114 597 4205 Quidquid
611 4123 724 4184 tamen
743 4114 817 4208 ejus
838 4114 889 4185 rei
914 4120 982 4199 est,
1013 4110 1117 4196 illud,
1150 4109 1266 4194 credo,

146 4216 249 4289 cuiuis
270 4214 485 4289 manifestum
514 4229 710 4311 certumque
734 4221 814 4308 erit,
854 4214 975 4311 injuria
999 4213 1134 4285 attribui
1157 4211 1265 4283 Calvo
