2768 4838
350 252 399 300 oa
412 251 570 300 rraarra
597 251 789 300 rmaeams
817 249 1068 299 manuascae.
1175 227 1270 319 '411

140 402 343 490 omnesque,
375 397 467 491 quas
482 422 587 492 supra
612 399 658 471 dc
679 399 874 492 Licymnia,
905 399 961 467 vel
982 397 1191 494 Maecenatis
1214 388 1275 489 rel

140 503 280 572 Horatii,
293 503 418 590 amica,
444 505 576 572 moveri
593 516 708 595 posse¹
722 502 887 592 iidimus,
913 502 1128 594 difficultates
1152 503 1267 573 subla-

139 615 194 675 tae
209 615 417 681 evanescent.
467 607 579 676 Nemo
593 608 700 693 euim,
726 607 789 675 uisi
811 605 869 697 qui
887 604 1128 698 praejudicatis
1153 609 1267 698 opini-

138 710 257 778 onibus
274 710 463 796 accesserit,
490 711 647 803 negabit,
672 709 762 778 hanc
777 708 1017 800 Licymniae'i.
1034 731 1064 778 e.
1085 709 1267 780 Terentiae
1306 781 1308 785 ,

137 804 292 898 laudem,
319 835 407 902 quae
427 810 592 905 majorem
615 813 769 882 carminis
786 822 919 905 partem
932 812 1171 903 amplectitur,
1197 815 1264 882 mi-

136 904 236 986 nime⁴
248 915 392 983 ahenam
416 938 489 986 esse
517 916 561 985 ab
584 913 681 1003 Oda,
715 914 812 1008 cujus
835 913 1032 991 scribendae
1054 916 1266 985 occasionem
1337 1004 1339 1009 Δ

136 1021 212 1112 ipse
232 1017 374 1101 dederat
392 1008 595 1107 Maecenas,
627 1018 715 1089 illius
735 1021 881 1094 maritus.
947 1018 1098 1087 Primum
1121 1018 1187 1086 hac
1207 1043 1265 1088 ra-

136 1124 227 1192 tione
244 1121 404 1191 Horatius
419 1145 489 1190 non
506 1129 642 1214 poterat
649 1121 894 1192 Maecenatem
908 1120 1085 1199 offendere
1100 1123 1283 1214 neglectis*

86 1240 89 1243 ’
135 1224 209 1317 ejus
230 1225 391 1318 precibus
403 1225 589 1319 jussuque3
615 1227 718 1295 immo
738 1248 820 1295 vero
840 1227 888 1295 illi
905 1219 1016 1295 uxoris
1038 1226 1263 1298 amantissimo
1288 1283 1290 1288 .

135 1327 305 1397 blanditus
335 1337 404 1413 est,
437 1329 558 1397 callide
584 1329 716 1417 diceus,
757 1330 822 1397 sibi
848 1353 869 1397 a
893 1326 995 1399 Musa
1015 1329 1192 1420 imperari,
1225 1341 1264 1398 ut

136 1424 318 1500 Terentiae
333 1433 444 1524 potius
462 1433 617 1520 virtutes,
642 1455 746 1521 quam
760 1421 914 1502 Caesaris
930 1433 1085 1502 victorias
1106 1432 1263 1504 molliblis

127 1535 284 1603 citharae
308 1535 418 1604 modis
449 1528 552 1628 aptet.
619 1536 742 1625 Neque
768 1537 869 1606 etiam
898 1534 1036 1606 Caesari
1063 1529 1262 1624 Octaviano,

135 1661 237 1731 quem
261 1637 319 1706 illo
333 1637 410 1733 jam
433 1647 589 1731 tempore
611 1638 793 1708 Terentiae
812 1662 927 1709 mucre
950 1639 1124 1731 deperisse
1143 1639 1266 1708 verisi-'

135 1743 312 1839 millimum
328 1752 381 1810 cst
400 1743 482 1834 5θ),
508 1741 686 1812 offensioni
711 1737 784 1812 esse
805 1751 940 1834 poterat
960 1751 994 1811 et
1017 1743 1159 1813 molesta
1174 1743 1260 1812 illius

201 2039 252 2110 5⁰)
282 2041 405 2095 Fortasse
420 2039 489 2094 mihi
505 2041 559 2094 hac
580 2039 610 2094 io
626 2054 656 2094 re
675 2039 779 2109 litabat
804 2058 862 2096 aaaa
882 2041 1114 2108 confidentiloqnor
1138 2056 1203 2095 nam
1217 2040 1267 2108 lt,

134 2111 278 2174 Antonius,
301 2115 409 2164 audura
426 2110 554 2164 Suetonio
578 2110 606 2164 in
624 2110 718 2165 Oetes.
744 2129 767 2163 c.
785 2110 844 2174 69..
869 2112 1026 2179 exprobrata
1050 2109 1155 2176 Caesari
1178 2111 1260 2165 Octa-

132 2180 210 2234 riaud
227 2179 430 2245 mulierositate,
453 2179 557 2248 scripsit
572 2179 655 2234 etium
671 2182 706 2233 ad
721 2179 809 2247 ipsium
824 2181 877 2233 hoc
893 2182 1062 2234 familiariter
1077 2181 1175 2246 adhuc,
1198 2197 1259 2233 nec-

131 2250 195 2303 dum
218 2251 297 2319 plane
312 2248 435 2303 inimicus
463 2255 510 2303 aut
526 2249 621 2304 hostis:
665 2250 735 2317 Quid
752 2258 778 2304 te
794 2250 927 2305 mutauit?
956 2251 1025 2320 qaod
1040 2250 1164 2320 reginam
1180 2249 1259 2303 inec?
1335 2260 1339 2269 ·

131 2318 198 2373 osor
213 2336 273 2372 mea
290 2327 337 2373 cst.
374 2319 452 2373 Nunc
469 2320 557 2388 coepi,
583 2335 621 2372 aa
643 2320 844 2375 nortmannos
866 2319 979 2374 annam?
997 2325 1034 2375 ‘to
1059 2319 1154 2372 driade
1175 2320 1259 2372 sclam

130 2390 276 2443 Dniaillom
292 2388 364 2442 iaia?
380 2391 422 2442 itu
438 2390 547 2451 valeas,
564 2390 605 2441 ati
623 2390 669 2454 io,
687 2389 755 2442 hanc
771 2389 908 2456 epistolas
921 2407 1000 2458 quam
1017 2390 1107 2458 leges,
1124 2405 1176 2442 nors
1192 2388 1257 2441 iaie-
1356 2416 1358 2425 ·

129 2460 167 2512 ris
186 2459 352 2525 Tertullum,
369 2466 417 2512 out
435 2459 623 2523 Terentillam,
645 2465 695 2512 ant
711 2458 852 2526 Rufillam,
877 2466 926 2512 ont
942 2453 1060 2513 Saleium
1078 2458 1258 2527 Titisceaiam,
1313 2490 1317 2498 «

130 2536 179 2580 aut
195 2545 290 2581 omncs.
319 2529 392 2581 Arme
408 2531 499 2596 refert,
515 2528 561 2581 ubi
578 2535 605 2580 et
621 2545 675 2598 pso
693 2527 822 2598 parignei
838 2527 897 2580 Etsi
913 2543 1005 2594 annua,
1022 2543 1076 2594 quo
1089 2528 1145 2580 hoo
1158 2526 1257 2599 ,episto
1343 2577 1347 2582 .

127 2596 197 2649 lium
215 2613 232 2650 a
249 2597 287 2649 Μ.
304 2597 418 2652 Antonio
434 2597 561 2666 scriptum
576 2596 626 2663 sit,
645 2604 768 2651 accumte
785 2597 891 2651 definiri
906 2597 1013 2664 naeniis
1038 2603 1126 2665 tamen
1141 2613 1193 2649 non
1210 2613 1258 2648 ve·

129 2682 236 2729 remur,
258 2682 292 2719 ne
307 2683 468 2735 magnopere
484 2667 627 2731 inflamur,
639 2665 674 2721 's'i
690 2667 759 2720 illud
775 2666 880 2720 circiter
903 2684 928 2722 a.
947 2668 981 2721 U.
999 2666 1030 2720 U.
1045 2665 1108 2720 tls.
1130 2682 1178 2721 seu
1193 2665 1256 2726 aab.

129 2733 256 2801 scriptum
272 2751 329 2788 asae
346 2734 508 2798 conjicimus.
560 2735 631 2788 Nam
654 2752 679 2789 a.
697 2736 731 2788 U.
754 2735 784 2788 G.
809 2736 871 2788 719.
895 2736 946 2788 ill.-
961 2735 1090 2789 dotamus
1114 2734 1266 2790 Octavian
1288 2760 1296 2777 ·

129 2818 254 2867 uxorem,
294 2802 415 2858 Cameris
438 2802 578 2856 Octaviani
600 2820 736 2870 sproram,
765 2820 834 2870 quae
858 2806 948 2858 Roma
963 2804 1150 2860 Alexandriam
1166 2805 1256 2872 prole·

129 2878 172 2926 cta
188 2871 285 2926 marito
301 2872 338 2926 ad
354 2872 544 2942 expeditionem
560 2872 716 2931 Parthicam
733 2873 832 2927 milites
847 2874 993 2929 adduxerat
1015 2876 1131 2928 ahatre
1150 2875 1264 2941 muneri,

128 2948 266 3010 acceptos,
289 2941 333 2995 his
349 2942 473 3005 retentis,
490 2942 597 2995 domum
614 2941 712 2995 reverti
725 2942 807 3009 jussit
822 2947 849 2996 ot
864 2943 1020 3011 Cleopatrae
1035 2944 1122 2996 amori
1136 2943 1255 3009 indulsit,

80 3052 83 3056 1
128 3010 194 3066 leste
210 3011 297 3064 Diona
313 3011 405 3064 (lessio
427 3010 500 3065 libr.
517 3011 613 3064 xm.
631 3028 654 3065 c.
670 3009 715 3065 38.
745 3011 821 3065 Anno
843 3019 968 3080 sequente
984 3013 1018 3066 U.
1037 3012 1067 3067 G.
1085 3011 1147 3065 720.
1173 3013 1255 3067 Δηίο-

127 3081 203 3135 nium
220 3084 271 3133 non
288 3080 383 3146 puduit
400 3080 570 3148 Cleopatram
585 3096 635 3148 pro
655 3097 738 3134 uxore
750 3081 841 3149 palam
857 3083 971 3147 habere,
997 3098 1056 3137 eam
1073 3083 1195 3151 reginam
1211 3101 1255 3136 re-

122 3167 193 3221 gum
209 3150 370 3219 appellarit,
388 3156 415 3206 et
433 3149 489 3214 ejus
506 3150 570 3202 liliis
586 3166 669 3220 regna
685 3150 890 3218 pollicitusest,
908 3158 937 3204 ut
953 3151 1035 3204 refert
1050 3150 1211 3204 Plutarchus
1225 3152 1269 3206 in

126 3222 222 3274 aaron
239 3238 263 3274 c.
281 3218 324 3276 54.
342 3219 421 3275 cirea
436 3221 489 3273 lroe
502 3225 606 3288 tempus
622 3219 729 3273 videtur
743 3222 779 3293 ab
796 3220 946 3275 Octaviam
960 3222 1009 3288 per
1024 3218 1125 3275 litteras
1141 3221 1174 3274 de
1189 3238 1254 3288 pra-

127 3289 237 3358 putlioso
254 3288 283 3342 in
300 3290 468 3360 Cleopatram
483 3305 575 3344 amore
596 3293 624 3343 el
645 3290 745 3358 perlida
762 3288 903 3343 insolentia
924 3289 953 3344 iu
969 3289 1112 3344 Octaviam
1137 3290 1251 3360 castiga-

127 3365 188 3422 tus,
213 3357 265 3412 isla
281 3359 461 3426 rescripsisse,
489 3376 558 3428 quae
575 3359 644 3427 apud
662 3358 818 3414 Suetonium
834 3356 958 3428 legimus.
991 3357 1060 3414 Nem
1080 3376 1150 3413 anuo
1167 3360 1201 3413 U.
1220 3360 1249 3415 0.

125 3427 204 3488 721„
232 3445 284 3495 quo
314 3444 382 3482 anno
399 3429 527 3482 Antonius
544 3428 699 3499 Octaviam,
730 3431 820 3484 Rome
843 3431 1008 3504 prolectam,
1043 3406 1154 3482 Albanis
1167 3429 1254 3487 subsi-¹

125 3500 195 3552 stare
209 3503 237 3550 et
253 3515 282 3550 aa
297 3498 454 3565 praestolari
466 3498 560 3564 jussit,
585 3515 628 3551 res
641 3497 700 3563 jam
719 3501 754 3553 ad
772 3500 872 3552 bellum
888 3505 1009 3568 spectare
1024 3499 1118 3566 coepit.
1139 3497 1260 3554 Octavia¹

125 3566 215 3630 enim,
235 3566 348 3619 eximiae
364 3566 469 3637 virtutis
485 3567 595 3633 mulier,
621 3567 668 3622 diu
682 3568 798 3631 ludibrio
815 3564 924 3636 habita,
953 3567 1063 3621 Athenis
1079 3562 1252 3622 Romam'te-

126 3637 196 3700 dur,
220 3652 273 3688 non
289 3635 367 3689 cessit
374 3635 488 3691 alutouii
505 3638 583 3696 domo
600 3641 627 3691 et
643 3636 734 3692 liberis
752 3656 813 3690 cum
836 3655 901 3698 curu
917 3636 1078 3705 prospiciens
1093 3635 1252 3705 duleuiiqne

126 3705 227 3760 amicos
232 3705 348 3773 hopitio
360 3706 499 3774 excipiens,
504 3714 582 3774 atqua
588 3705 670 3774 inscia
684 3707 807 3768 otiosita
816 3707 915 3762 marito
925 3706 1055 3772 majoram
1066 3709 1095 3759 in
1109 3704 1165 3759 die's
1177 3705 1252 3759 invi-
1323 3717 1327 3722 “

106 3782 108 3789 “
126 3775 197 3828 diam
214 3774 354 3840 conflarit,
373 3783 479 3829 auctore
493 3776 638 3830 Plutarcho
654 3794 677 3829 c.
695 3775 739 3832 53.
756 3784 782 3830 et
797 3775 843 3830 tl.
861 3777 936 3830 Auno
952 3776 1074 3844 proximo
1090 3777 1124 3829 U.
1138 3777 1169 3830 0.
1186 3775 1249 3829 ¹122.

125 3844 281 3899 inimicitiae
296 3845 335 3899 Μ,
354 3844 460 3899 Antonii
477 3852 504 3899 et
520 3845 662 3900 Octaviani
683 3844 712 3899 in
735 3853 857 3916 apertum
880 3851 1025 3913 veruperunt
1045 3846 1155 3899 bellum.
1189 3847 1252 3899 Jam
1312 3858 1316 3867 ’

125 3932 187 3968 enm
204 3913 345 3968 Suetonius
367 3915 507 3982 perspicue
528 3920 679 3980 attestatur,
707 3916 757 3971 illa
779 3916 815 3970 ad
836 3915 1013 3970 Octavianum
1037 3915 1135 3982 scripta
1156 3931 1213 3968 csse
1234 3933 1251 3969 a

126 3985 163 4036 tl.
182 3983 295 4037 Antonio
312 3983 480 4048 familiariter
497 3985 599 4048 adhuc,
617 3985 729 4039 necdum
745 3984 854 4041 inimico
871 3991 918 4039 aut
935 3985 1027 4049 hoste,
1045 3990 1131 4052 patet,
1148 3983 1177 4037 id
1191 3984 1252 4038 lieri
1297 4026 1300 4037 .

125 4052 246 4106 debuisse
265 4057 328 4104 ante
344 4070 369 4106 a.
388 4055 421 4110 U.
439 4053 470 4107 0.
488 4053 550 4108 721.
586 4054 656 4108 lotar
672 4055 728 4109 alia
744 4062 833 4109 autem
850 4059 941 4123 stupra
957 4055 1084 4110 antonin·
1101 4053 1250 4108 Octaviano

124 4122 208 4176 ctiam
224 4121 317 4186 objicit
333 4122 457 4178 illicitum
475 4137 596 4176 amoram
613 4140 674 4177 eum
695 4127 855 4189 Tarentilla,
885 4140 955 4192 quae
976 4124 1019 4178 vix
1036 4123 1152 4179 dubitari
1168 4128 1252 4192 potest

126 4191 190 4258 qnia
205 4191 240 4245 sit
257 4191 399 4258 Terentia,
422 4193 582 4267 Maecenatis
604 4209 680 4247 uuor.
706 4183 871 4262 Utcumque
893 4199 983 4248 summ
999 4198 1061 4259 est,
1076 4194 1105 4247 id
1117 4199 1207 4248 tamen
1222 4192 1252 4246 in

125 4266 247 4330 promptu
263 4268 318 4328 ost,
336 4263 441 4329 ridere,
457 4280 538 4347 qoam
554 4262 699 4322 amisimile
715 4265 768 4332 sit,
784 4265 926 4322 &marem
942 4264 1117 4321 Octavianum
1133 4281 1158 4320 a.
1174 4263 1209 4319 U.
1221 4262 1252 4318 G.
1338 4314 1341 4318 .
