2768 4838
123 292 200 367 244
371 310 426 363 us
451 308 640 359 nonraro
665 304 813 357 nasso
836 258 998 357 iona

127 472 164 545 2.
178 468 214 540 3.
229 465 267 543 o.
281 467 446 536 invenitur
464 464 517 535 Μ.
532 462 687 557 Magius
699 460 864 550 Morsus,
886 458 1001 529 nescio
1024 478 1067 522 an
1086 453 1243 523 referen-
1305 487 1308 492 ·

127 576 191 644 dus
203 572 245 667 sit
257 571 303 638 ad
314 580 468 662 posteros
480 570 566 637 illius
583 567 709 658 Magii,
735 566 792 655 qui
805 561 967 632 Romanis
981 561 1014 627 in
1027 558 1119 625 bello
1139 555 1244 624 Mar·
1327 556 1331 563 '

121 679 198 765 xsico
213 674 367 744 eximiam
383 673 547 765 praestitit
562 690 722 761 operam,
747 676 832 735 teste
851 663 983 755 Vellejo
1001 663 1076 730 Pat.
1088 660 1180 727 Libr.
1196 660 1242 729 lL
1270 754 1274 761 Ι
1310 718 1313 723 .

124 803 159 849 c.
182 776 261 864 16,
294 785 327 844 et
352 774 430 843 iude
455 776 595 842 tortasse
617 771 736 841 Marsi
758 790 947 861 cognomen
971 766 1045 832 tulit
1070 762 1116 829 ad
1137 763 1243 856 ipsius

128 891 283 976 posteros
298 879 456 970 deinceps
470 876 670 944 traductum.
722 875 783 940 llle
799 872 850 939 M.
869 869 1006 960 Magius
1021 867 1156 935 Marsus
1177 862 1243 934 sub
1331 946 1335 957 Ι

37 976 41 985 ’
127 984 301 1054 Hadriano
320 980 416 1070 vixit,
442 1000 552 1069 neque
569 978 701 1047 aliunde
714 977 812 1044 uobis
824 974 975 1042 innotuit.
1025 969 1130 1063 A'pud
1144 972 1244 1037 eum-

128 1087 208 1156 dem
234 1085 370 1152 Gruter.
390 1107 426 1175 p.
441 1083 500 1151 IV.
522 1080 558 1150 o.
582 1081 706 1177 legitur
726 1080 826 1148 etiam
845 1075 1013 1148 Aurelius
1035 1072 1246 1165 superlitas

129 1189 296 1275 Morsus,
321 1187 416 1255 nobis
430 1187 531 1279 plane
544 1174 742 1276 incognitus.
1222 1192 1227 1197 '

550 1396 553 1403 ,
627 1330 736 1432 μ.

232 1455 570 1527 JamveroDomitiu
587 1477 690 1549 gens,
715 1458 749 1524 in
764 1478 865 1545 quam
878 1454 969 1523 idem
978 1451 1096 1523 Marsi
1111 1474 1246 1545 cogno?

22 1554 26 1561 ¹
129 1584 210 1631 meu
239 1561 408 1630 invectum
433 1569 499 1645 est,
531 1558 671 1651 plebeja
694 1559 832 1648 quidem
852 1557 933 1644 fuit,
974 1557 1036 1625 sed
1054 1556 1190 1647 antiqua
1206 1561 1248 1623 ot

129 1663 260 1750 nobilis,
292 1683 337 1729 ex
350 1685 418 1752 qua
432 1661 520 1730 duae
534 1662 695 1753 imprimis
709 1662 933 1729 inclaruerunt
946 1661 1100 1747 familiae,
1130 1657 1249 1727 Ano

62 1817 65 1823 -
130 1764 325 1835 darbmmm
342 1774 381 1834 et
407 1763 653 1859 Caluinorum,
696 1787 845 1855 quorum
862 1764 946 1831 illos
972 1764 1058 1831 inter
1087 1759 1248 1855 patricios

130 1870 232 1937 fuisse
252 1868 410 1957 allectos,
437 1877 488 1954 et,
512 1876 751 1960 praeterquam
769 1866 881 1937 cnaei
901 1875 936 1935 et
955 1865 1075 1954 Lucii,
1096 1882 1248 1958 praeno-
1310 1878 1315 1886 “

129 1973 221 2041 mina
236 1971 328 2038 nulla
347 1993 525 2069 usurpasse
537 1972 718 2041 memoriae
736 1970 852 2062 prodit
873 1971 1051 2038 Suetonius
1067 1971 1148 2039 Ner.
1164 1989 1197 2047 c,
1210 1963 1248 2037 l.

130 2072 340 2142 Eurumdem
351 2073 528 2164 peculiaris
542 2073 708 2164 quaedam
724 2074 863 2142 felicitas
878 2073 1099 2141 celebratura
1112 2062 1266 2163 Vellejo'

130 2177 205 2247 Pat
215 2175 309 2243 Libr.
324 2174 410 2246 lto.
427 2174 505 2262 1⁰„
539 2199 617 2246 cum
637 2185 769 2269 septem
780 2176 918 2246 Domitii
939 2175 1153 2261 Aenobarbi,
1178 2173 1250 2241 sin-

59 2314 63 2321 ·
130 2278 203 2371 guli
216 2278 467 2370 singulisgenifi
479 2279 685 2371 parentibus,
698 2280 744 2347 ad
752 2278 971 2348 Consulatum
984 2277 1250 2367 sacerdotisque,

38 2439 43 2448 .
132 2392 168 2455 et
185 2404 302 2449 omnes
315 2380 361 2448 ad
373 2381 536 2473 triumphi
549 2383 690 2474 iusignia
699 2383 923 2473 pervenerint.
958 2383 1146 2471 Utramque
1160 2400 1254 2471 geue

131 2485 173 2551 tis
185 2483 352 2552 Domitiae
366 2483 515 2576 stirpem,
529 2496 664 2575 praeter
678 2487 771 2575 alios,
787 2496 943 2555 accurate
954 2492 1131 2577 percenset
1139 2481 1251 2551 Gim-

94 2644 99 2649 .
133 2586 273 2677 dorpins
288 2586 325 2652 in
347 2582 523 2654 Onomast.
543 2609 580 2677 p.
598 2584 673 2653 302
697 2611 746 2677 sq.
781 2587 886 2657 Cum
911 2611 991 2656 vero
1014 2590 1132 2680 plures
1144 2607 1250 2676 prae-

132 2697 228 2755 terea
239 2710 260 2753 a
274 2686 490 2778 scriptoribus
505 2698 732 2757 memorentur
745 2690 901 2776 Domitii,
926 2690 1024 2758 nullis
1044 2691 1145 2782 plane
1162 2689 1251 2775 imur

134 2789 268 2882 ginibus
289 2789 429 2859 saetisve
448 2791 628 2878 nobilitati,
647 2884 650 2889 ι
668 2816 736 2862 non
761 2803 875 2885 potest
892 2793 1083 2884 investigari
1105 2791 1252 2880 dicique,

135 2893 170 2959 in
192 2900 302 2979 utram
330 2890 402 2984 ejus
424 2894 537 2986 gentis
562 2894 722 2967 familiam
749 2896 937 2989 adscriptus
961 2896 1063 2963 fuerit
1083 2894 1252 2963 Domitius

137 2993 273 3063 Marsus
287 2996 411 3078 Poeta,
436 2998 635 3087 praesertim
652 3022 729 3066 oum
747 3023 951 3090 praenomen
971 2998 1063 3088 quod
1083 2997 1115 3065 ei
1138 2996 1254 3087 fuerit,

134 3120 301 3188 nusquam
313 3097 472 3166 traditum
486 3100 681 3190 reperiatur.
731 3100 832 3168 Enim
851 3125 932 3171 vero
946 3124 1120 3193 perpauca
1143 3099 1188 3168 de
1208 3119 1253 3168 eo

135 3197 182 3268 ad
201 3223 261 3269 nos
280 3200 410 3292 perlata
438 3210 514 3270 sunt
535 3212 686 3271 veterum
706 3204 907 3295 scriptorum
928 3205 1131 3288 testimonia,
1164 3225 1256 3293 quae

137 3301 317 3395 diligenter
338 3305 482 3373 collecta
503 3304 597 3374 dedit
615 3305 847 3376 Broukhusius
870 3306 914 3375 ad
930 3307 1058 3376 Tibulli
1076 3307 1170 3376 Libr.
1190 3305 1253 3375 lv.

136 3401 197 3504 15.
222 3427 258 3498 p
280 3403 368 3475 407.

139 3588 142 3593 ¹
241 3508 321 3593 Qus
340 3531 427 3577 anno
447 3517 544 3579 natus
564 3512 622 3597 sit,
649 3511 792 3580 nutrita
814 3513 1007 3599 excesserit,
1033 3533 1134 3580 nemo
1155 3518 1255 3591 vete-

137 3631 213 3677 rum
239 3615 522 3687 commemoravit.
588 3614 703 3683 Nihilo
722 3625 834 3686 tamen
860 3619 965 3686 secius
990 3627 1081 3686 aetas
1105 3615 1176 3708 ejus
1211 3637 1256 3682 ac

138 3725 288 3804 tempus,
315 3737 384 3805 quo
397 3739 561 3786 summam
575 3718 698 3810 ingenii
711 3721 853 3813 gloriam
869 3724 1041 3814 attigerat,
1067 3729 1136 3787 tam
1155 3717 1256 3785 certis

85 3876 88 3881 .
140 3837 181 3881 ac
204 3818 390 3909 perspicuis
412 3829 542 3889 tenetur
562 3821 706 3910 indiciis,
746 3834 784 3892 ut
810 3825 853 3894 de
874 3848 961 3894 anno
983 3825 1055 3916 ejus
1075 3822 1176 3891 natali
1196 3828 1257 3888 aut

140 3916 232 3984 fatali
249 3942 412 4010 quaerere
427 3924 509 3993 nihil
526 3928 671 3998 attineat.
723 3928 813 3997 Nam
835 3939 963 3998 certum
982 3938 1032 3997 est
1054 3936 1086 3996 et
1107 3924 1257 4013 evidens,

133 4073 350 4099 W

138 4146 216 4201 betur
225 4149 336 4235 librario
344 4155 475 4226 ignoranti
485 4163 621 4219 nominum
632 4164 770 4235 gentilium
785 4169 812 4220 et
830 4162 1015 4235 cognominum
1029 4154 1258 4226 transpositionem

3 4287 6 4291 ⁷
142 4216 250 4274 Graecas
262 4225 377 4280 maxime
390 4229 529 4301 usitatam,
560 4240 590 4288 ut
601 4235 831 4291 doeotlttimarus
848 4235 877 4290 in
890 4235 943 4289 vit
958 4232 1036 4285 Dion.
1051 4231 1122 4284 Cass.
1137 4244 1164 4296 p.
1175 4223 1257 4279 1584.

93 4384 97 4391 ¹
141 4286 189 4341 ct·
198 4292 232 4344 do
245 4294 275 4352 (l.
291 4296 564 4370 maniacense.
583 4304 616 4359 N.
629 4303 656 4360 5.
911 4346 913 4351 -
