2768 4838
343 314 481 386 'ouo
505 335 673 387 annaio
700 338 834 389 orara
858 339 1017 392 naara.
1180 318 1257 392 loa

131 488 270 584 poetas,
295 498 333 560 ut
347 513 402 585 ap.
418 491 576 586 Apollon
596 493 640 568 Β
656 492 683 566 l
704 489 838 564 1216.
853 491 924 590 ὕψι
948 494 988 569 dl
1009 490 1090 593 rqo'c
1112 492 1257 581 εὐναίας
1285 575 1287 579 ,

133 589 328 687 ἐρύσαντες
343 589 610 690 οἱνενρούσαντο
625 590 780 689 calnam
796 606 831 665 et
846 599 1076 689 praecaeteris
1093 597 1161 667 hnc
1175 599 1257 673 tacit

133 696 286 792 ejusdem
299 709 423 799 poetae
437 700 550 820 locus,
578 701 635 824 qui
656 700 780 792 legitur
798 699 875 768 Lib.
890 700 948 772 IV.
972 723 1003 774 v.
1018 698 1104 772 887.
1125 707 1256 796 βαῖνον
1295 696 1300 709 ’

133 802 192 878 ἐπὶ
216 796 412 898 αληῖδας’
387 795 463 876 aad
483 790 635 894 χθονός
667 805 705 876 ἐν
734 803 772 876 δι’
796 808 932 895 βυθοῖο
953 797 1116 885 Εόναίας
1131 803 1256 879 εἷλκον

132 903 352 1002 περιγηθέες,
369 901 460 976 oilla
474 898 637 978 τεποὲντιι
653 903 820 1027 Ἀρμενα
835 897 1020 1026 μηρύοντο
1034 932 1126 979 κατα
1141 907 1255 997 χρεός
1260 901 1265 914 '

131 1005 201 1102 ὕψι
216 1007 255 1079 δὲ
272 1008 594 1101 λαῖφοςΕιρυσσαν
607 998 827 1088 τανύσαντες
843 1011 882 1080 ἐν
897 999 1088 1098 ἱμάντεσσι
1102 1007 1253 1106 κεραίης.
1272 1054 1278 1061 ·
1349 1075 1355 1082 .

132 1111 213 1180 darn
232 1108 291 1176 ubi
310 1106 407 1219 baec,
434 1131 521 1200 qnae
535 1111 791 1206 disputavimus,
817 1109 862 1176 ad
878 1108 996 1177 Lucilii
1014 1131 1129 1178 versus
1144 1121 1255 1181 bana·

131 1213 265 1296 tuleris,
298 1234 398 1280 nemo
430 1222 482 1281 est
509 1215 589 1304 quin
619 1215 747 1299 videat,
780 1233 887 1301 quam
912 1212 1143 1301 incommode,
1174 1223 1255 1307 post

130 1314 322 1409 praecisum
339 1315 405 1382 cito
422 1314 546 1402 funem,
572 1316 689 1386 soluta
702 1317 861 1407 anquina
877 1323 1081 1384 memoretur
1098 1324 1134 1384 et
1149 1339 1254 1407 quam

132 1426 212 1510 apta
241 1426 276 1484 et
302 1417 395 1507 quasi
418 1420 604 1487 necessaria
628 1420 669 1488 sit
690 1439 848 1487 ancorae
874 1418 1009 1486 mentio.
1067 1417 1251 1489 Enimvero

130 1519 295 1589 Prosodia
307 1520 466 1611 impedit,
492 1545 561 1613 quo
574 1523 681 1592 minus
694 1521 774 1589 huic
786 1521 953 1592 vocabulo
967 1519 1063 1590 locus
1079 1521 1114 1589 in
1130 1521 1253 1592 Lucilii

129 1646 229 1692 versu
243 1623 464 1693 concedatur:
483 1648 586 1716 quam
599 1626 833 1694 difficultatem
846 1624 960 1695 nescio
974 1647 1017 1692 an
1028 1647 1098 1693 non
1112 1624 1160 1692 εἰσ
1179 1624 1252 1693 ele-

130 1750 210 1795 vare
224 1750 264 1794 ac
279 1725 406 1795 diluere
420 1751 599 1817 queamus,
624 1738 661 1797 ut
675 1738 732 1796 ant
747 1728 876 1797 licuisse
892 1728 1025 1796 Lucilio
1046 1725 1193 1795 mediam
1207 1728 1252 1796 il·
1339 1794 1342 1799 .

129 1830 193 1899 lius
213 1829 485 1921 vocis-syllabam
505 1833 551 1900 ab
571 1842 727 1900 accentus
748 1831 816 1897 vim
829 1830 1040 1922 producere,
1066 1838 1124 1898 aut
1141 1830 1186 1899 ab
1207 1820 1269 1899 eo'

131 1932 302 2001 &aecum
323 1934 525 2002 vocabulum
553 1932 692 2028 ἄγκυρα
726 1934 888 2024 scriptum
924 1931 1028 2001 fuisse
1056 1940 1251 2019 statuamus,

129 2035 224 2126 quod
245 2040 321 2103 eum
340 2036 459 2105 fecisse
481 2046 554 2106 tum
575 2061 617 2106 ex
640 2036 757 2105 Horat
788 2037 858 2105 Sat
880 2035 908 2122 l,
930 2033 992 2120 10,
1017 2032 1076 2103 20.
1108 2042 1249 2124 constat,

97 2128 101 2135 ’
128 2147 200 2207 tum
221 2137 293 2231 ejus
318 2139 502 2209 Satirarum
522 2142 715 2233 fragmenta
737 2137 909 2228 hodieque
930 2146 1102 2209 testantur.
1155 2138 1249 2206 Tur-

128 2241 207 2310 nebi
233 2243 267 2310 iu
288 2236 418 2311 Lucilio
449 2245 715 2313 emendationem
728 2243 805 2333 jam
827 2241 1031 2332 improbarit
1051 2239 1173 2309 Ulitius
1203 2240 1250 2309 ad

130 2344 238 2413 Gratii
248 2343 371 2413 Falisci
384 2344 515 2439 Cyneg.
528 2370 559 2420 v.
576 2345 663 2415 477.
717 2344 886 2419 Gesnerus
910 2345 943 2410 in
964 2341 1069 2410 Thes.
1094 2341 1190 2410 Ia'L.
1205 2342 1250 2415 Τ.

127 2447 155 2521 l.
167 2450 204 2539 p.
220 2446 325 2534 338,
350 2450 461 2540 probe
477 2459 659 2542 perspecta
680 2470 824 2516 ancorae
845 2445 1042 2516 necessitate
1062 2443 1096 2511 in
1118 2445 1248 2515 Lucili.-

128 2572 193 2618 ano
217 2573 334 2637 versu,
360 2553 522 2646 scriptum
543 2553 646 2622 fuisse
667 2553 854 2644 suspicatur
875 2548 1025 2619 ananim
1046 2573 1072 2620 s.
1093 2549 1249 2640 anquira

126 2674 192 2745 pro
211 2651 370 2747 ἄγκυραι
395 2655 488 2744 quod
502 2656 715 2740 vocabulum,
738 2655 766 2722 si
782 2653 938 2745 graviore
954 2675 1057 2742 quam
1070 2651 1249 2744 analogiae

127 2757 324 2824 auctoritate
349 2758 522 2847 niteretur,
561 2782 629 2827 non
651 2759 838 2827 dubitarem
860 2757 1024 2847 recipere.
1076 2754 1181 2841 Quod
1203 2753 1250 2823 ad

126 2858 226 2927 Nonii
242 2859 356 2927 locum
377 2863 507 2947 attinet,
532 2861 566 2928 in
586 2864 703 2953 aprico
725 2869 793 2946 est,
820 2882 897 2931 eum
918 2859 1041 2929 misere
1063 2880 1136 2927 esse
1150 2859 1248 2926 luxa-

93 2969 197 3046 [tum
214 2970 248 3030 et
267 2985 441 3051 mancam,
468 2964 755 3054 quemadmodum
777 2971 865 3031 totus
886 2962 942 3030 ille
957 2961 1204 3030 Grammaticus
1227 2984 1249 3028 a

125 3065 268 3154 verace,
293 3075 331 3134 ut
353 3066 465 3161 ajunt,
491 3069 663 3158 usquead
686 3058 872 3136 extremum
887 3086 1037 3156 unguem
1059 3063 1153 3130 ιιΙσιιε
1177 3071 1252 3145 est3·

125 3166 256 3260 integer
269 3178 380 3237 autern
394 3170 512 3239 isidori
531 3181 582 3241 est
601 3172 712 3257 locus,
739 3178 773 3238 et
787 3168 948 3259 qnod‘ad
966 3164 1248 3256 orthographiam

125 3271 230 3363 illius,
257 3271 301 3339 de
316 3296 383 3363 quo
404 3274 586 3365 loquimur,
612 3274 706 3343 verbi
719 3273 881 3365 pertinet,
905 3263 1048 3362 perinde
1061 3291 1135 3336 csse
1150 3277 1246 3361 puto,

125 3383 238 3442 utrum
267 3377 431 3468 anguina
451 3402 494 3446 an
515 3379 672 3471 anqreina
700 3384 875 3483 exaretur,
906 3372 1011 3441 modo
1034 3392 1078 3439 ne
1107 3370 1248 3464 angina

126 3479 305 3546 scribatur.
332 3480 398 3546 hoc
421 3481 510 3548 enirn
532 3481 735 3551 vocabulum
754 3501 862 3572 genus
883 3474 1012 3560 morbi,
1037 3495 1107 3566 quo
1131 3471 1246 3542 lauces

125 3589 310 3672 anguntur,
336 3591 431 3650 notat
450 3595 484 3652 et
502 3585 545 3653 ab
564 3606 663 3677 ango
679 3581 867 3673 descendit.
893 3578 962 3647 vid.
987 3577 1116 3647 Nonius
1130 3571 1192 3663 95,
1210 3572 1246 3644 9.

109 3682 292 3776 Angina,
318 3708 435 3778 genua
452 3686 587 3771 morbi‚·
613 3708 654 3756 εο
674 3685 772 3778 quod
786 3667 913 3776 angat
935 3689 970 3751 et
990 3678 1134 3750 Graece
1156 3705 1245 3752 σνν-
1336 3702 1342 3715 ¹

125 3778 216 3882 ἄγχη
238 3790 465 3880 appellatur:
497 3743 877 3858 Lucillianum.
930 3783 1121 3882 Insperato
1147 3778 1247 3866 abiit,

124 3910 227 3980 qoem
241 3912 314 3957 nna
336 3893 474 3985 angina
495 3892 639 3962 abstulit
658 3893 752 3962 bara
770 3891 830 3982 (in
850 3888 1032 3958 cub-Dona.
1057 3885 1102 3955 N.
1123 3882 1189 3954 93.
1209 3906 1247 3977 p.

113 3982 230 4082 488.);
256 3993 340 4061 illud
353 3996 466 4064 malim
480 3998 524 4065 ab
538 4019 649 4088 angae
670 4019 696 4066 s.
721 3996 879 4086 serpente
894 3989 1063 4075 derivari,
1090 3988 1169 4078 quia
1187 3986 1247 4055 l‘u-

123 4116 183 4165 nes
203 4097 332 4164 tortiles
353 4098 429 4166 sunt
455 4100 509 4191 (v.
534 4099 656 4168 Catuli.
676 4096 717 4169 G.
737 4095 860 4167 LXIV.
892 4088 978 4162 235.
1008 4089 1247 4182 Candidaque

125 4196 245 4267 intorti
264 4202 450 4270 aaronem
470 4201 786 4290 vela-rudentes),
824 4196 1033 4285 aliorumque
1053 4216 1246 4264 armamen-

66 4383 68 4388 ,
123 4306 237 4371 torum
267 4302 475 4382 nauticorum
498 4306 635 4377 nomina
656 4305 712 4399 ab
725 4298 1134 4393 animalibla'ldemmbta
1156 4303 1245 4368 mut.

499 4447 508 4499 q
694 4446 699 4453 -
916 4403 951 4473 N
