2768 4838
123 275 201 349 242
378 296 435 347 aa
460 294 651 346 nonrrro
675 292 823 343 maneo
848 290 1002 343 roura.

124 455 244 550 populi
265 451 397 521 civitate
419 450 551 537 donari,
576 451 748 542 ingentem
763 449 898 519 Rom
921 448 1143 555 iactamweaee
1165 466 1248 515 cum

82 640 85 644 ⁸
125 557 424 641 omniumrerum‚¹
442 554 629 622 tumetium
649 553 824 645 nominum
845 552 1094 638 confusionem,
1121 571 1248 617 eonse-

126 684 233 751 quena
248 668 320 729 erat
333 667 367 726 et
381 665 647 725 consentaneum.
699 657 789 724 Nam
804 655 861 744 qui
875 656 910 721 in
926 655 1094 722 civitatem
1114 651 1248 719 adseri-

125 763 292 832 bebantur
310 761 500 852 peregrini,
538 759 573 827 id
595 760 696 827 moris
720 758 815 848 sequi
838 754 1010 843 solebant,
1045 765 1082 822 ut
1103 754 1247 846 proprio

125 890 187 936 suo
209 889 250 933 ac
275 865 419 932 barbaro
437 862 561 931 nomini
579 861 668 948 duo,
693 884 944 949 nonnumquam
969 861 1030 927 tria
1047 858 1120 949 ejus
1141 880 1248 949 prae-

125 976 292 1064 ponerent
309 967 459 1059 nomina,
486 964 580 1055 cujus
598 964 708 1032 storbo
732 974 765 1031 et
777 988 890 1055 opera
907 965 985 1030 civis
1005 961 1150 1030 Romani
1164 959 1248 1052 jura

127 1071 298 1140 consecuti
314 1078 424 1137 erant:
449 1065 487 1134 id
506 1066 599 1158 quod
624 1068 762 1160 copiose
783 1067 898 1135 docuit
915 1065 1177 1156 Cannegieterus
1199 1062 1247 1131 do

126 1182 242 1243 mutat.
267 1172 368 1239 Rom
381 1172 481 1238 Nom.
497 1168 624 1238 radone
639 1192 668 1241 c.
687 1170 745 1240 vl.
758 1192 793 1262 p.
813 1166 862 1236 25
878 1193 927 1259 sq.
965 1170 1014 1237 At
1027 1168 1128 1235 fuisse
1145 1166 1247 1235 etiam
1280 1196 1283 1201 Δ

125 1277 196 1345 veri
213 1275 317 1344 simile
343 1282 394 1342 est
414 1274 615 1365 peregrinae
634 1273 830 1341 conditionis
851 1273 1023 1359 homines,
1048 1270 1171 1339 liberos
1192 1277 1248 1337 ta-

126 1403 220 1466 men,
245 1379 303 1467 qui
321 1378 410 1444 cives
426 1376 522 1462 iacti,
549 1376 671 1444 omisso
686 1377 787 1467 plane
805 1376 951 1444 barbaro
965 1375 1118 1461 nomine,
1144 1371 1246 1441 fami-

127 1484 191 1557 liae
214 1479 353 1571 alicujus
371 1479 545 1546 Romanae
562 1466 787 1548 aut'ilorentia
811 1479 925 1547 adhuc
946 1488 1004 1546 aut
1024 1468 1246 1569 proscriptio-

126 1607 208 1655 num
220 1583 456 1669 bellorumque
470 1581 616 1648 civilium
628 1583 801 1650 atrocitate
817 1605 955 1673 prorsus
977 1582 1159 1650 exstinctae
1181 1600 1247 1647 no-

124 1711 203 1759 men
224 1683 429 1779 gentilicium
449 1705 527 1751 eum
557 1685 776 1779 praenomine
801 1693 1007 1752 assumerent
1031 1692 1065 1752 et
1083 1685 1117 1753 in
1143 1683 1248 1752 viam

125 1789 222 1881 quasi
235 1797 270 1857 et
287 1808 382 1857 usum
401 1795 598 1856 revocarent
613 1787 728 1877 eisque
742 1810 934 1879 cognomen
953 1787 1119 1855 adderent
1137 1808 1158 1855 a
1178 1808 1248 1877 pa-

126 1895 190 1963 tria
203 1914 264 1960 aaa
276 1890 415 1959 ductum
434 1889 482 1981 1).
536 1889 651 1974 Quare
667 1912 735 1959 uon
753 1890 964 1978 mirabimur,
990 1890 1120 1959 Anniae
1139 1888 1246 1982 genti,

125 1995 281 2079 Flaviae,
308 1990 472 2061 Gabiniae
493 2000 528 2061 et
549 1992 671 2061 leiae
693 1993 845 2062 additum
866 1994 1004 2064 inveniri
1026 1994 1249 2085 peregrinum

130 2096 266 2169 Cimbri
280 2116 488 2187 cognomen,
514 2102 592 2162 ante
611 2095 714 2164 Marii
735 2107 891 2188 tempora
914 2097 1100 2166 inauditum
1114 2097 1249 2165 Mura-

122 2201 176 2272 nia
204 2200 255 2294 ²).
312 2197 362 2268 Et
381 2195 465 2289 quid
488 2218 752 2269 commemorem
782 2199 885 2271 Galli
906 2222 1115 2295 cognomen,
1153 2198 1249 2290 quod

194 2479 227 2549 1)
259 2480 322 2533 Hae
339 2483 440 2549 rpeatat
460 2478 603 2533 crudelitas
615 2479 917 2550 mantolomaus,
940 2478 1002 2549 qui,
1022 2496 1091 2549 quae
1106 2483 1164 2535 erat
1179 2478 1250 2535 auti·

126 2548 280 2620 pungentia
291 2547 418 2602 Claudiae
432 2548 571 2616 superate,
640 2548 723 2602 tilieia
730 2542 919 2603 Romanorum
936 2550 1043 2603 nomina
1056 2566 1185 2619 usurpare
1200 2566 1250 2602 ve-

125 2619 177 2674 tuit
188 2616 344 2741 peragrbinae
356 2616 513 2673 conditioni·
524 2618 588 2671 bom
599 2634 661 2684 aar,
677 2634 775 2686 eoaque
792 2619 879 2675 mari
896 2618 1039 2689 percurrit,
1058 2625 1167 2673 auctore
1181 2618 1251 2674 Saa-
1313 2679 1318 2691 ¹

126 2687 199 2744 tonia
214 2704 238 2741 c.
288 2724 296 2740 .

120 2768 138 2781 ·
196 2755 229 2839 2)
262 2756 303 2809 lta
316 2755 346 2809 C.
363 2754 476 2809 Anniam
492 2754 637 2821 Cimbrum,
647 2754 778 2809 lautorum
792 2754 870 2840 iatum
882 2757 921 2809 Μ.
936 2756 1042 2810 Antonii
1057 2755 1251 2842 administrum,

129 2829 274 2948 initi
302 2824 1252 2963 0iinmerittiiitiiii‘itiiirieitiiitt

130 2961 277 3018 ainonbic
290 2960 504 3034 hymnicinum,
520 2969 592 3016 certa
606 2962 636 3014 12.
651 2962 744 3017 uittae
756 2966 872 3030 Cimber,
888 2965 960 3018 iiiior
971 2964 1103 3032 aequalia,
1121 2964 1147 3017 iu
1161 2964 1253 3019 Gallia

129 3031 302 3087 Britanniam
319 3030 394 3087 dulia
405 3029 513 3085 menri
530 3030 689 3096 innotuerit,
706 3040 734 3086 et
751 3050 783 3087 ex
801 3034 858 3099 ejua
875 3035 967 3088 eartrir
985 3036 1103 3087 Romam
1122 3034 1253 3089 adductae

130 3101 221 3170 ibique
238 3100 340 3155 civitati
360 3099 521 3170 ademptae,
538 3100 635 3153 omirao
648 3102 762 3155 barbaro
782 3120 829 3155 eoo
850 3104 971 3168 nomine,
993 3103 1159 3173 gentiliciam
1177 3103 1252 3157 iiiiii

131 3187 179 3226 eeu
194 3171 276 3224 iirllii
291 3170 443 3236 cru'uadam,
459 3168 487 3222 in
502 3170 577 3236 quua
596 3168 745 3223 clientelam
764 3172 874 3224 iamneae
890 3178 1007 3240 receptae
1026 3173 1128 3238 lucrat,
1153 3188 1251 3225 nomen

132 3256 194 3295 arim
213 3239 575 3323 pmeaomiuemrumpaerlt,
596 3239 641 3292 aed
653 3241 758 3323 patriae
776 3257 873 3325 memes
892 3259 956 3295 raae
974 3242 1090 3327 patriam
1110 3241 1253 3326 adsciverit

132 3326 309 3433 witta
320 3308 397 3437 iiii
408 3310 1252 3448 tatiiiiiiiattritiiiritssttsitititi:

133 3448 366 3511 windesoram,
382 3446 481 3501 diaerta
491 3452 652 3499 rue-oratur
663 3448 756 3503 iiiiiaa
770 3450 871 3502 Cimber
882 3464 900 3502 a
910 3449 1010 3503 Senem
1022 3452 1047 3503 d.
1061 3453 1104 3503 ira
1117 3451 1189 3506 Liba.
1203 3451 1248 3503 ill.

134 3535 158 3571 e.
177 3517 221 3571 ao.
240 3520 265 3584 s.
284 3516 311 3570 a.
346 3516 515 3586 Quapropter
534 3516 628 3570 cicero
648 3516 793 3581 adnititur
811 3536 871 3571 eam
892 3528 931 3572 ert
953 3520 1040 3589 magia
1061 3520 1154 3573 iecirre
1173 3520 1251 3573 iiiam

134 3603 208 3649 rem
225 3602 306 3654 quam
319 3585 452 3639 laetarum
463 3586 574 3653 putarit.
593 3584 746 3639 Admiratus
757 3605 813 3640 ram
827 3596 929 3652 autem,
947 3588 984 3642 ait
994 3588 1109 3657 Philipp.
1124 3590 1155 3641 li.
1165 3605 1187 3642 c.
1197 3589 1250 3652 11.,

136 3656 168 3709 ob
193 3672 251 3709 earn
269 3673 401 3721 canaram,
434 3656 502 3724 quod
519 3656 652 3708 immemor
673 3657 865 3723 beneficiorum,
896 3675 993 3710 memor
1015 3660 1121 3726 patriae
1135 3659 1250 3726 sairam

137 3740 205 3793 qnae
216 3731 347 3793 portame
358 3724 489 3779 Ciceronia
500 3725 584 3777 verba
598 3730 645 3777 aot
656 3726 764 3795 egregie
781 3728 862 3780 tollor
874 3734 920 3780 aut
936 3727 1138 3797 ambiguitatem
1151 3729 1251 3782 habeat

136 3792 264 3847 indartria
284 3794 444 3862 artemitam,
460 3810 494 3847 ae
511 3799 538 3847 et
558 3792 732 3847 offenderetur
749 3794 846 3849 'l’illiur
860 3791 979 3861 cimber,
1004 3802 1030 3850 et
1042 3814 1102 3849 eam
1120 3802 1190 3851 tecta
1207 3796 1250 3850 in-

138 3862 289 3931 dignatione
307 3864 490 3916 confutaretur
504 3880 547 3916 am
567 3862 635 3928 icio,
665 3880 718 3930 qua
738 3864 779 3918 iili
800 3864 903 3918 homini
920 3867 1062 3919 temulento
1081 3873 1108 3919 et
1129 3867 1250 3920 reordalo

138 3932 178 4054 aa.
194 3931 287 3987 Senec-
302 3932 385 4000 iipirt
398 3932 480 4000 θὶς.
499 3881 565 3999 lli
581 3932 668 3986 aaadie
686 3941 779 3989 auctor
791 3951 934 4003 meatque
952 3935 1078 3988 exstitisse
1098 3936 1249 4003 potabatur.

166 4000 239 4056 illim
256 4001 362 4055 cimber
382 4001 452 4056 enim
468 4001 589 4055 Caesarie
607 4000 676 4057 inter
693 4020 857 4070 percussores
876 4004 1021 4071 primarum
1040 4005 1156 4071 partium
1176 4012 1250 4061 actor

138 4070 227 4125 iuerat
248 4076 275 4124 et
290 4070 329 4124 ita
347 4088 445 4124 memor
462 4072 568 4140 patriae
590 4070 610 4124 i.
633 4088 656 4127 e.
674 4072 832 4127 Germaniae
849 4075 939 4138 ferae,
964 4074 1038 4139 eujur
1053 4075 1176 4128 caerulea
1193 4080 1251 4129 erat

138 4141 235 4209 proter.
270 4138 362 4193 Cicero
376 4140 537 4211 igituruium
550 4139 628 4194 Tillii
641 4156 760 4195 amorem
777 4142 880 4210 patriae
896 4161 957 4196 oum
969 4144 1047 4196 laada
1062 4160 1206 4215 agnoscere
1223 4151 1252 4199 er

137 4209 291 4279 praedicam
304 4207 422 4274 videtur,
438 4216 544 4267 veruta
555 4215 583 4264 et
595 4211 751 4265 veteratorie
763 4230 825 4265 near
841 4218 898 4265 arta
911 4212 955 4266 irti
965 4212 1084 4278 homini,
1100 4230 1179 4280 quem
1198 4231 1251 4267 nou

136 4277 604 4350 poamtmemmptutmaaa
625 4279 746 4336 anirum
762 4281 897 4353 ingmtam
918 4283 1058 4353 exprobrat
1078 4299 1139 4338 eam
1158 4284 1252 4349 natira
