2768 4838
328 298 604 389 numanam
628 338 859 391 urunoono
884 339 1039 393 roura.
1164 315 1242 393 85⁵

124 484 191 557 bus
212 505 282 555 non
305 507 394 557 sane
420 510 448 557 a
469 486 645 559 Romanis
666 486 866 563 celebratus
883 497 954 577 eat,
990 497 1031 561 at
1051 490 1244 585 proprium
1299 486 1303 491 ’

123 611 233 683 opas3
264 589 478 681 quidusdam
496 591 743 684 interpositum
782 588 880 686 capis
904 591 1085 665 acerbitas
1106 595 1142 663 in
1167 592 1242 663 Ca-

85 683 89 698 '
124 693 233 782 tullo,
261 691 454 779 Bibaculo,
478 692 648 782 Horatio,
674 716 890 787 quamquam
907 696 962 765 illi
981 696 1019 787 (i.
1039 696 1243 789 alienatio)

126 795 259 916 epodos
273 796 504 887 interveniat,
542 797 757 890 reperietur:
785 807 825 865 ut
846 820 932 890 ego,
956 797 1142 869 Hermanui
1162 800 1244 870 feli-¹

126 898 292 969 cissimam
310 901 576 969 emendationem
592 900 776 994 adoptans,
796 899 887 971 hunc
899 900 1016 987 locum
1029 902 1243 973 scribendum

126 1024 201 1071 esse
215 1024 348 1078 censeo.
375 1003 430 1072 cf.
446 1000 669 1072 Frotscherus
681 1003 776 1071 adh.
791 1005 814 1073 l.
833 1002 891 1073 et
880 1026 915 1071 ιιι
935 982 1092 1075 Addend.
1113 1030 1149 1098 p.
1166 1004 1244 1075 266

127 1127 201 1194 sq.
194 1092 275 1188 (ius
297 1106 398 1197 igitur
414 1101 569 1175 Bibaculi
587 1128 722 1175 versum
742 1127 785 1175 ex
806 1106 1001 1197 Pragmatia
1019 1102 1100 1175 b'elli
1121 1108 1245 1179 Gallici

128 1208 174 1276 ob
189 1207 340 1276 vitiosam
355 1209 588 1303 metaphoram
599 1208 892 1301 reprehenderat
876 1209 971 1282 Libr.
986 1209 1078 1279 Vlll.
1086 1208 1119 1279 6.
1128 1203 1163 1303 §.
1172 1211 1247 1299 lt,
1358 1220 1365 1229 '

127 1311 157 1381 is
170 1310 238 1378 hoc
259 1312 336 1379 loco
353 1335 430 1407 eum
455 1312 705 1404 perhonorifice
723 1311 808 1381 iuter
827 1311 1097 1406 lambographos
1113 1334 1248 1391 meum-¹

128 1421 190 1482 rat.
241 1418 355 1504 Atque
374 1416 458 1483 sicut
478 1414 648 1502 Catullus,
672 1422 759 1483 teste
781 1414 944 1483 Suetonio
963 1437 992 1483 c.
1011 1413 1092 1502 16,
1117 1412 1247 1485 dulium

131 1515 310 1586 Caesarem
333 1518 651 1587 maledicentissimis
675 1517 855 1587 insectatus
869 1526 921 1587 est
941 1510 1086 1604 lambis,
1117 1517 1165 1585 itu
1184 1516 1248 1585 Bi-

128 1618 287 1689 baculum
307 1621 400 1690 idem
420 1629 479 1689 aut
497 1622 532 1689 in
548 1621 704 1690 eumdem
720 1620 843 1708 virum,
869 1628 944 1705 aut,
969 1621 1063 1711 quod
1081 1618 1248 1713 probabi·

129 1721 192 1791 lius
209 1731 278 1810 est,
303 1725 337 1791 in
355 1725 547 1816 Augustum
560 1724 662 1792 fuisse
678 1746 815 1813 ausum,
841 1731 970 1791 constat
989 1746 1031 1794 ex
1045 1722 1248 1793 nobilissima

131 1823 292 1895 Cremutii
310 1826 415 1895 Cordi
428 1829 578 1895 oratione
593 1827 686 1918 apud
702 1825 860 1894 Tacitum
872 1825 992 1894 Annal.
1007 1826 1065 1895 lv
1082 1824 1164 1913 ιι,
1190 1824 1249 1895 ubl

130 1925 234 1996 haec·
264 1927 437 1996 Carmina
451 1926 619 2019 Bibaculi
637 1935 671 1997 et
695 1927 848 2013 Catulli,
870 1926 1011 2020 referta
1031 1926 1248 2001 contumeliis

85 2042 88 2050 ’
135 2029 352 2117 Caesenam,
378 2031 564 2130 leguntur.
589 2030 656 2100 sed
675 2030 761 2149 mse
772 2030 822 2100 D.
843 2028 1021 2115 Julius,
1008 2052 1084 2122 ipse
1103 2031 1153 2101 D.
1169 2030 1250 2101 Αιι
1350 2080 1355 2093 .

132 2138 261 2224 gustas
283 2139 316 2200 et
340 2081 453 2202 lutere
466 2133 536 2202 ista
557 2139 592 2203 et
613 2114 808 2226 reliquere3
840 2132 943 2202 baud
952 2131 1074 2225 facile
1095 2108 1251 2220 dinaim
1328 2215 1334 2229 ⁸

132 2234 378 2305 moderatione
393 2236 532 2328 magis,
557 2258 607 2305 an
620 2237 808 2329 sapientia.
860 2236 899 2305 ln
918 2258 988 2326 quo
1008 2236 1086 2305 loco
1108 2236 1250 2329 perido-

133 2361 199 2406 neo
217 2338 463 2406 observandum
475 2350 547 2425 est,
573 2359 641 2429 quo
654 2348 797 2428 uterque
809 2347 914 2428 pocta
925 2337 1043 2406 ordine
1063 2361 1085 2407 a
1105 2339 1251 2432 diligen-

133 2441 259 2510 tissimo
275 2442 439 2545 scriptore
452 2450 639 2532 ponantur,
664 2464 708 2512 ex
727 2463 795 2532 quo
809 2440 903 2509 haud
924 2441 994 2510 seio
1012 2464 1056 2509 an
1078 2464 1145 2511 non
1162 2440 1250 2521 indi-
1344 2436 1348 2443 ’

136 2566 214 2612 care
235 2565 312 2611 eum
334 2545 479 2612 voluisse
499 2552 697 2631 statuamus,
733 2544 871 2613 Furium
893 2533 1095 2615 Bibaculum
1116 2542 1252 2621 camno
1369 2616 1374 2627 ,

135 2655 244 2715 aetate
257 2648 395 2739 paulum
409 2648 640 2717 antecessisse.
666 2646 872 2738 quodetiam
885 2647 1144 2738 temporisratio
1158 2648 1252 2733 ιιιίιιη.
1365 2650 1370 2657 “

137 2750 199 2835 ιιι,
223 2773 301 2818 cum
330 2749 480 2818 Catullus
503 2748 561 2825 01.
585 2748 670 2822 173.
693 2748 729 2818 2.
749 2771 780 2821 a.
800 2747 910 2821 [ιθ.
932 2748 1018 2817 667.
1041 2760 1137 2819 natus
1154 2759 1254 2827 aaut,

138 2852 355 2938 Quintilianus
370 2862 485 2920 contra
498 2862 677 2942 utrumque
687 2852 823 2919 inverso
836 2849 950 2944 posuit
965 2847 1098 2940 ordine,
1113 2853 1253 2937 ratione,

136 2964 175 3030 ut
195 2955 345 3044 videtur,
383 2954 498 3023 habita
521 2954 708 3042 acerbitatis
739 2954 952 3044 lamborum,
986 2956 1196 3047 tertiumque
1213 2956 1254 3025 iis

136 3058 266 3127 addidit
286 3057 331 3126 ob
351 3058 493 3151 Epodos
517 3057 703 3141 Horatium.
756 3056 912 3146 cumque
929 3056 1050 3125 Furius
1071 3056 1254 3141 Bibaculus
1301 3063 1302 3067 ’

138 3161 501 3253 etcatnllusaeqnales
515 3162 638 3230 fuerint
650 3154 839 3249 iisdemque
851 3153 1035 3247 litterarum
1049 3160 1165 3231 studiis
1177 3183 1256 3231 sese
1274 3188 1275 3192 ¹

139 3262 343 3353 dediderint,
369 3287 484 3351 avere
499 3264 636 3355 quidem
648 3286 718 3333 nou
732 3262 910 3349 abhorret,
936 3261 1032 3352 quod
1045 3262 1101 3332 do.
1117 3262 1254 3334 Vossius

139 3364 185 3433 ad
199 3364 321 3433 Catuli.
343 3389 379 3457 p.
395 3367 456 3442 32.
478 3368 652 3462 opinatur,
669 3376 855 3463 ¹utrumque
875 3374 1014 3456 poetam
1032 3365 1256 3435 familiaritate

139 3467 243 3537 fuisse
252 3465 410 3559 junctum
426 3479 460 3539 et
467 3470 635 3557 Catullum
649 3469 695 3539 ad
708 3469 799 3551 huuc
809 3467 949 3537 Furium
960 3467 1132 3560 scripsisse
1142 3469 1255 3541 cmm·

140 3571 212 3656 XL,
238 3590 348 3658 neque
366 3578 477 3659 tamen
490 3596 555 3665 pro
572 3582 665 3644 certo
682 3573 855 3641 affirmare
874 3572 988 3661 audon
1023 3569 1172 3661 ‚Gutum
1193 3593 1256 3639 au·-

141 3683 211 3743 tem
228 3682 287 3756 est,
309 3672 509 3743 Bibaculum
521 3676 672 3766 Catullo,
692 3675 796 3767 quiin
812 3674 927 3742 aemtis
939 3674 1024 3742 flore
1038 3673 1145 3757 obiit,
1155 3674 1257 3742 luisse

142 3778 364 3869 superstitem.
419 3778 563 3870 Propter
582 3730 717 3849 lambos
738 3788 917 3869 utmmque
941 3777 1042 3845 etiam
1068 3776 1258 3868 composuit

141 3878 380 3951 DiomedesL.
394 3878 454 3952 lll.
469 3904 498 3949 c.
519 3879 554 3951 6.
573 3881 617 3951 de
638 3881 849 3976 lambicopj.
859 3879 951 3951 482.
963 3878 1120 3951 Putach..
1149 3875 1256 3970 0qu

143 3983 325 4069 Canninio
347 3983 546 4076 praecipat
554 3984 749 4076 scriptores
776 3984 895 4075 apud.
909 3982 1071 4073 Graecos
1088 3980 1258 4053 Archilo-

144 4087 250 4173 chus,
261 4088 507 4180 Hi.pponaa,·‚
513 4085 628 4178 apud
648 4084 841 4171 Romanos
847 4068 1008 4177 Lucilius
1027 4092 1063 4169 st
1087 4079 1284 4233 (ἕιιιιίιιιιι,ι

144 4196 179 4271 ti
193 4136 373 4277 Horatius
382 4198 416 4260 et
426 4188 693 4295 Βὶὁιιςιιιῑιθ-ιϊ·
1269 4214 1275 4225 ’

213 4293 326 4431 Qua
347 4262 524 4366 occasione
546 4272 658 4362 etiam
655 4234 859 4361 noandum
863 4238 959 4382 bl,
952 4240 1075 4459 affige
1067 4226 1270 4381 (defrutum⁴
