2768 4838
649 939 728 1006 DE
1171 988 1174 995 ·

139 1072 548 1215 ’1111111111
592 1063 869 1218 menso
915 1128 1196 1224 roure.

522 1348 856 1375 m

424 1488 447 1582 ’.
532 1585 535 1590 ,
629 1510 666 1614 g.
702 1517 737 1589 1.

115 1627 316 1744 ,Domitius
347 1669 500 1753 Marsus,
533 1659 627 1765 111111
657 1672 834 1764 ignobilis,
873 1673 1030 1767 Augusto
1046 1675 1247 1769 imperante,

122 1773 361 1843 <Romanorum
387 1785 509 1868 poeta,
551 1776 697 1867 cujatem
717 1799 754 1844 se
780 1799 854 1845 esse
875 1777 1009 1865 ‹lixerit3
1046 1802 1114 1848 non
1136 1782 1246 1873 magis

131 1886 280 1965 constet,
308 1900 411 1965 quam
432 1877 562 1944 deliniri
581 1885 712 1968 potest,
738 1901 819 1946 num
833 1878 884 1945 'ad
902 1890 1046 1972 gentem
1065 1883 1249 1952 Domitium

128 1980 335 2071 pertinuerit.
384 1978 470 2071 Ejus
484 1973 677 2071 cognomen
692 1980 720 2047 si
735 1990 946 2072 spectamus,
960 1983 1093 2052 videtur
1107 1987 1160 2054 vel
1173 1987 1248 2078 ipse

114 2083 184 2168 ¹vel
201 2081 274 2173 ejus
291 2079 436 2173 majores
449 2084 649 2174 peregrinae
668 2083 770 2150 fuisse
786 2085 930 2177 originis.
981 2087 1103 2176 Neque
1122 2088 1159 2155 id
1174 2088 1247 2158 cuiss

79 2235 85 2244 .
130 2208 233 2274 quoru
251 2185 373 2253 mirum
387 2184 571 2274 videbitur,
593 2187 666 2276 qui,
693 2197 852 2275 quantam
868 2211 889 2255 a
905 2187 1051 2256 Sullanis
1065 2189 1144 2258 inde
1157 2184 1247 2260 tem-
1341 2186 1343 2191 ’

127 2289 267 2380 poribus
289 2312 343 2356 res
363 2289 595 2356 Romanorum
614 2288 772 2380 publicae
796 2311 836 2356 ac
858 2290 1009 2380 privatae
1028 2294 1268 2365 mutationem.

129 2401 288 2483 expertae
303 2393 376 2476 siut,
401 2414 469 2459 non
489 2391 632 2483 ignorat.
683 2390 762 2459 Huc
777 2391 939 2484 imprimis
961 2393 1178 2463 referendum
1195 2408 1246 2468 est
1274 2418 1277 2428 ·

129 2494 266 2572 civitatis
274 2493 333 2587 jus
350 2504 400 2562 tot
411 2495 599 2586 peregrinis
621 2493 737 2562 datum
756 2493 945 2573 hominibus
965 2496 1034 2565 sive
1056 2499 1249 2586 1111111111Ι

126 2597 289 2689 ingenuis.
362 2597 456 2666 Nihil
482 2592 593 2666 dicam
623 2597 668 2666 de
689 2597 784 2666 Sulla
805 2597 995 2688 Dictatore,
1036 2622 1139 2691 quem
1166 2604 1244 2696 plus

122 2710 230 2792 'quarn
242 2699 362 2768 decem
374 2702 479 2769 millia
495 2723 536 2794 er
550 2701 817 2793 proscriptorum
832 2701 934 2769 servis
948 2701 1037 2769 cives
1054 2702 1174 2774 secisse
1191 2715 1253 2776 te-'
1369 2731 1376 2743 ·

127 2811 232 2872 statur
250 2804 428 2895 Appianus
453 2803 486 2871 d.
500 2804 543 2871 Β.
563 2804 602 2872 Ο.
617 2803 711 2870 Libr.
732 2802 757 2869 l.
775 2824 803 2869 c.
821 2800 923 2892 ltu,
949 2811 1006 2871 aut
1023 2803 1068 2872 de
1089 2805 1129 2878 C.
1150 2808 1243 2878 Julio

127 2904 291 2993 Caesare,
318 2929 338 2972 a
361 2929 430 2994 quo
452 2905 640 2974 universam
657 2904 827 2996 legionem
845 2904 1018 2976 Alaudae
1035 2906 1159 2978 dictam
1178 2935 1243 2981 no·
1324 2920 1328 2926 “

125 2994 216 3077 mine
230 3017 265 3076 et
280 3010 503 3101 conscriptam
516 3029 558 3076 ex
573 3005 801 3098 Transalpinis
817 3005 924 3076 Gallis
940 3009 1070 3077 civitate
1085 3009 1242 3084 donatam
1291 3101 1293 3105 ι

127 3135 200 3180 esse
212 3114 395 3181 memoriae
407 3111 522 3205 prodit
534 3111 712 3182 Suetonius
726 3132 756 3177 c.
772 3107 851 3200 24„
877 3109 967 3179 uude
983 3111 1130 3182 Romam
1150 3118 1242 3186 novi-

125 3214 174 3282 tia
190 3216 253 3282 iste
279 3208 521 3285 Corneliorum
541 3225 576 3285 et
594 3214 772 3284 Juttorum
793 3212 892 3281 turba
911 3213 1038 3282 invasit.
1089 3217 1136 3312 Et
1159 3230 1242 3311 quot
1266 3276 1268 3280 ,

124 3318 317 3410 putabimus
331 3319 433 3388 fuisse
445 3319 596 3388 homines
610 3317 828 3410 peregrinos,
852 3336 937 3405 quos
950 3317 1152 3411 Pompeius,
1166 3322 1241 3391 Lu·
1279 3374 1287 3380 .
1377 3378 1379 3382 ,

126 3421 233 3489 cullus
255 3423 376 3510 aliique
399 3421 502 3492 duces
516 3422 653 3514 magni,
678 3421 713 3486 in
730 3418 965 3509 remotissimas
994 3442 1073 3488 cum
1095 3426 1256 3495 exercitu
1287 3506 1289 3510 μ

124 3525 271 3617 profecti
290 3526 464 3616 regiones,
489 3535 547 3593 eut
565 3525 658 3594 bello
679 3530 797 3614 captus
814 3529 872 3589 aut
884 3520 1031 3616 hospitio
1045 3523 1159 3625 aliisue
1178 3552 1240 3598 ne-

67 3670 68 3674 =
126 3628 331 3696 cessitudinis
348 3627 466 3696 officiis
480 3628 632 3720 cognitos
646 3624 826 3693 habuerint
839 3624 1045 3714 fecerintque
1061 3627 1149 3698 cives
1164 3631 1240 3700 Ro-
1318 3678 1320 3683 .

96 3817 98 3823 Ι
124 3732 267 3800 manos?
293 3732 406 3817 Quam
421 3731 477 3798 diu
493 3730 586 3800 enim'
595 3727 741 3799 Romani
753 3728 837 3794 intra
848 3724 962 3814 ltaliae
975 3728 1060 3795 lines
1074 3729 1241 3810 bellarunt

126 3833 379 3925 debellatosque
396 3824 549 3926 populos
563 3836 599 3902 iu
619 3854 714 3902 suam
729 3828 942 3897 adsciverunt
962 3828 1146 3926 civitatem,
1170 3847 1240 3930 tam
1333 3893 1335 3895 ,

126 3935 183 4003 diu
201 3959 317 4005 eorum
331 3939 471 4024 societas
485 3938 675 4021 hominum,
694 3933 894 4024 quibuscum
908 3930 1084 4024 natalium,
1107 3961 1240 4012 morum

126 4049 161 4109 et
172 4040 394 4110 institutorum
409 4040 556 4131 quadam
570 4035 779 4108 similitudine
805 4033 973 4127 conjuncti
993 4046 1105 4130 erant,
1131 4045 1241 4114 mino-

124 4164 197 4210 rem
210 4145 414 4237 ‘reipnblicae
429 4145 535 4213 intulit
549 4143 671 4211 labem.
688 4183 692 4189 ·
722 4138 778 4207 Ex
790 4157 858 4228 quo
880 4144 992 4206 autem
1005 4138 1137 4233 imperii
1157 4148 1240 4216 fines

125 4247 239 4341 coepti
263 4257 340 4320 sunt
359 4249 447 4319 ultra
466 4248 574 4340 Alpes
600 4255 635 4316 et
648 4242 755 4323 merie
773 4240 973 4335 proferrier
986 4240 1092 4315 armis
1117 4247 1240 4341 devicti
1277 4264 1284 4273 ·

820 4406 824 4413 -
906 4343 940 4431 Q
