2768 4838
125 245 204 323 084
356 270 410 323 na
435 271 558 372 rrtrro
584 271 798 323 sarrruro
822 273 984 325 roera.

126 430 210 500 riam
231 427 305 523 ejus
325 428 486 499 liduciarn
506 428 616 522 tangit
635 434 670 496 et
691 434 782 498 tecte
803 427 921 520 carpit
971 424 1093 498 Verbis
1114 420 1252 503 autern:

117 531 438 626 ,Rndurioisontis
451 531 600 601 baudus
611 532 737 624 paru'm
751 538 902 599 veterum
918 528 964 598 de
980 533 1081 601 sacris
1095 533 1251 605 fontibus

120 637 414 758 superstitionem,
440 633 485 703 de
498 658 566 743 qna
579 634 680 703 docte
702 643 737 704 et
752 634 929 726 elegtnoer
948 636 1103 726 exposuit
1119 637 1251 707 Passu-

125 741 199 809 vius
215 738 260 808 ad
274 724 546 830 PersiiProlog.
546 760 579 806 v.
596 735 630 807 l
658 734 736 806 Nec
742 734 849 829 sonte
861 735 969 805 labra
979 738 1103 828 prolui
1119 738 1251 811 cadul-

125 843 197 913 lino
219 865 254 935 p.
280 838 385 928 206,
410 841 534 935 partim
553 840 682 908 fontem
703 839 867 908 Boeotiae
889 840 1132 911 nobilissimum
1152 843 1250 913 illurn

124 967 236 1039 prope
253 944 410 1030 Thebas,
435 944 580 1029 Dircen,
605 942 774 1035 respicere
797 942 878 1010 mibi
896 943 1052 1034 videtur„
1071 946 1119 1015 ob
1142 968 1249 1039 quern

125 1048 171 1117 de
183 1047 331 1118 Pindaro
345 1044 413 1116 Od.
430 1046 465 1114 2.
481 1047 576 1114 Libr.
595 1043 654 1113 lv.
671 1066 703 1113 ι.
719 1041 781 1113 25.
797 1044 933 1116 cecinit:

132 1204 135 1209 ·
227 1148 350 1221 Multa
375 1148 573 1219 Dircaeum
600 1148 695 1217 levat
720 1169 814 1216 auru
840 1169 1000 1237 cycnum,

232 1252 377 1335 Tendit,
401 1251 534 1321 Antoni
546 1301 557 1340 ,
583 1251 716 1343 quoties
741 1250 777 1320 in
803 1251 897 1319 altos
1009 1255 1035 1283 '⁶
1119 1302 1130 1321 .

95 1428 98 1437 ,
231 1353 391 1427 Nubium
414 1362 570 1425 tractus:
597 1375 687 1447 ego,
714 1354 795 1446 opis
819 1351 1004 1423 Matinae

472 1524 475 1529 .
555 1455 870 1548 Marsacosque,

235 1558 359 1629 Grata
382 1538 562 1652 carpentis
585 1559 709 1650 thyma
731 1581 801 1651 per
825 1556 987 1628 laborem

230 1662 451 1748 Plurimum,
478 1663 578 1732 circu
601 1683 723 1731 nemus
748 1661 914 1754 uvidique

231 1764 371 1837 {liburie
395 1767 497 1861 ripas
521 1786 672 1860 operosa
690 1785 856 1859 parvus

559 1867 732 1939 Carmina
743 1866 871 1964 fingo.

126 1971 196 2040 Hic
216 1961 362 2058 locris,
351 1993 386 2037 ιιι
408 1994 477 2060 quo
493 1971 653 2040 Horatius
677 1994 789 2057 suam,
816 1991 919 2061 qoam
940 1988 1006 2060 pro
1026 1966 1148 2037 virium
1166 1988 1248 2037 mo-
1295 1970 1299 1975 ’

128 2072 234 2141 dulo
225 2096 260 2140 ιιι
276 2072 474 2141 carminibus
485 2074 668 2142 scribendis
684 2082 829 2144 sectetur
841 2072 1071 2158 humilitatem,
1090 2070 1248 2141 modeste

127 2175 271 2270 opponit
285 2175 475 2255 sublimitati
488 2175 654 2245 Pindari
645 2200 681 2245 ιιι
700 2177 785 2245 altos
800 2176 941 2244 nubium
963 2183 1087 2242 tractus
1105 2172 1247 2244 evolan-

126 2280 187 2367 tis,
211 2301 273 2347 nos
295 2279 372 2347 satis
386 2278 503 2367 docet,
531 2289 741 2374 quantopere
760 2277 1007 2373 imprudentem
1022 2277 1103 2346 Titii
1116 2276 1249 2346 Pinna

125 2405 202 2451 rum
218 2383 412 2451 aemulantis
427 2381 601 2451 audaciam
620 2383 814 2477 improbare
829 2381 992 2450 debuerit
1043 2380 1122 2449 Pari
1136 2380 1247 2449 ferme

126 2474 310 2573 modestia,
336 2494 371 2552 at
388 2485 513 2579 dispari
527 2487 696 2577 elegantia
714 2483 907 2554 Ausonius
898 2507 932 2551 m
948 2482 1093 2552 Mosella
1105 2506 1138 2553 ι.
1154 2480 1244 2551 443.

127 2589 190 2660 ait.
216 2586 293 2656 Fas
317 2586 573 2655 milcianorum
595 2587 851 2657 Perstriuxisse
871 2608 1012 2655 unruem
1031 2587 1128 2655 tenui
1150 2584 1247 2655 liba-

126 2690 220 2757 mine
233 2687 374 2762 Musae
424 2687 504 2759 Nec
519 2690 667 2760 taudem
683 2687 856 2801 affecto
856 2691 1101 2781 omiumpeto.
1151 2687 1247 2759 saur

127 2791 192 2867 tili
211 2791 329 2879 multi,
366 2790 474 2863 Alme
495 2794 629 2878 αιιιιιὶι,
661 2815 785 2863 sacros
809 2774 867 2885 qu'r
860 2792 1084 2861 sollicitare
1098 2787 1247 2885 fluores

126 2894 307 2966 Aonidum
321 2901 503 2988 totamque
515 2897 626 2966 solent
643 2895 792 2966 haurire
812 2895 1043 2989 Aganippea.
1082 2894 1246 2967 Horatius

126 2996 228 3092 igitur
241 3006 330 3068 tecte
345 2996 408 3067 illis
421 2998 531 3068 verbis
540 3000 668 3069 'litium
681 2998 881 3094 Septimium
893 3000 1055 3066 monitum
1069 3021 1145 3067 esse
1159 2999 1246 3087 vult,

126 3111 166 3170 ut
188 3102 246 3192 ea,
280 3123 368 3191 quae
391 3103 551 3191 consequi
575 3112 740 3193 nequeat,
773 3101 904 3170 omittat
923 3109 957 3170 et
977 3102 1090 3193 probe
1111 3124 1246 3194 erpen-

127 3204 227 3290 dens,
264 3203 346 3294 quid
364 3202 496 3273 humeri
513 3205 646 3273 valeant
676 3203 815 3294 etquid
840 3205 929 3272 ferre
953 3213 1124 3295 recusent,
1158 3207 1246 3283 alios

126 3308 237 3400 potius
251 3307 397 3387 imitetur
418 3316 535 3400 poetas
552 3308 597 3375 ad
610 3306 806 3375 imitandum
820 3304 1007 3390 faciliores,
1033 3330 1136 3399 quam
1158 3309 1246 3381 Pin-

126 3410 267 3496 darum,
292 3430 395 3499 quem
408 3432 509 3478 nemo
526 3411 685 3479 aemulari
697 3419 734 3479 et
749 3400 895 3501 aequare
910 3410 1025 3503 possit.

228 3513 388 3581 Horatius
407 3513 441 3581 in
455 3510 617 3606 allegoria
631 3536 798 3606 pergens,
825 3536 903 3581 cum
920 3512 1104 3582 Pindarum
1119 3512 1246 3606 appel-

124 3615 244 3685 laverit
246 3613 408 3708 sontem,
434 3637 476 3684 er
490 3637 558 3706 qno
576 3625 708 3686 emanet
727 3617 834 3708 lyrica
856 3617 922 3704 vis,
950 3626 1100 3684 caeteros
1121 3627 1246 3710 poetas

124 3708 224 3787 versu
240 3717 299 3787 ll.
315 3719 417 3788 lacus
428 3708 587 3807 nominat
598 3728 632 3787 et
651 3719 746 3789 rivos
761 3727 921 3813 apertos,
951 3741 1035 3809 qnos
1051 3718 1246 3791 fastidiosus

124 3821 264 3891 'litiuss
244 3831 384 3915 spernat
404 3820 627 3914 indignosque
642 3845 716 3892 esse
738 3823 933 3909 arbitretur,
960 3845 1001 3891 ex
1017 3823 1137 3912 quibus
1153 3823 1264 3895 hau-¹·

124 3924 189 3992 rint
206 3922 296 3992 etad
310 3946 454 4016 quorum
473 3925 690 3994 imitationem
704 3927 1029 4015 aemulationemque
1049 3950 1122 3996 sese
1147 3950 1247 3999 com·

124 4034 241 4119 ponat.
297 4028 408 4096 Nemo
438 4037 509 4115 est,
548 4028 629 4118 quin
650 4051 753 4118 qnam
776 4029 952 4098 multum
942 4028 1069 4097 noniae
1096 4030 1247 4129 salisque

125 4128 205 4205 huic
222 4129 299 4197 loco
316 4129 514 4221 adspersum
536 4132 595 4217 sit,
620 4133 848 4225 persentiscat
899 4134 1081 4201 Possumus
1105 4136 1247 4225 quidem

126 4241 307 4323 utrumque
321 4233 523 4315 uocabulum
535 4232 638 4306 laam
654 4245 689 4304 et
703 4236 798 4307 uiuos
818 4257 896 4305 cnm
918 4235 1081 4304 Turnebo
1099 4239 1246 4312 Advers.
