2768 4838
142 220 226 315 23⁰4¹
319 258 369 311 un
396 258 430 329 Q·
454 257 604 309 nouuru
627 259 757 309 macer
779 258 1124 314 ouuasoaaromuua.

144 415 262 508 Quare
280 432 350 481 nou
368 407 522 503 pudebat
536 432 632 497 eum,
657 410 861 504 Tigellium,
885 419 924 481 ut
944 418 1110 498 cantaret,
1135 432 1262 503 rogare

144 541 208 612 per
221 538 315 584 suam
328 515 432 607 ipsius
447 521 481 580 et
495 513 610 605 patris,
635 512 718 581 Julii
733 513 898 600 Caesaris,
913 514 1104 600 amicitiam,
1129 523 1167 583 ut
1181 516 1261 581 Ho-

143 621 245 690 ratius
264 619 323 687 ait.
383 613 516 700 Quodsi
544 614 754 696 scholiastae
782 616 945 705 tradunt,
972 615 1130 685 eumdem
1160 618 1264 685 etiam

146 722 350 814 Cleopatrae
362 718 504 786 maxime
518 727 695 810 acceptum
709 719 829 802 fuisse3
853 742 920 788 uon
942 718 1101 808 estquod
1121 718 1193 810 ejus
1211 721 1264 789 rei

143 826 249 896 fidem
268 829 458 915 suspectam
472 818 667 893 habeamus.
716 821 858 891 Videtur
871 822 927 891 ille
946 823 982 890 iu
1000 821 1262 892 familiarissimis

143 928 265 1013 fuisse,
289 946 375 1015 quos
393 922 504 991 Julius
520 922 646 992 Caesar
662 933 829 1017 perpetuo
852 947 968 994 secum
988 924 1141 995 haberet.
1191 925 1261 994 Per

143 1031 349 1102 Dictatorem
363 1026 472 1109 huuc,
497 1048 644 1116 quocum
660 1028 761 1096 etiam
773 1029 910 1097 bellicas
932 1027 1161 1118 expeditiones
1184 1027 1263 1097 obi-

143 1142 213 1219 ret,
238 1132 309 1199 siue
323 1129 427 1198 dubio
440 1128 581 1197 innotuit
594 1129 796 1223 Cleopatrae
810 1154 851 1199 ac
864 1132 1001 1223 placuit
1035 1130 1154 1215 Quid?
1167 1129 1265 1221 quod

143 1236 200 1307 ille
212 1234 317 1301 homo
331 1231 490 1316 insolens,
516 1231 600 1300 Julii
613 1232 767 1304 Caesaris
785 1235 929 1303 amicitia
950 1234 1073 1321 fretus,
1100 1255 1178 1302 cum
1200 1232 1264 1302 ci-

145 1360 267 1406 cerone
282 1357 403 1427 graues
424 1333 608 1402 inimicitias
630 1338 786 1429 suscepit
840 1336 973 1427 Cicero,
998 1344 1036 1404 ut
1050 1336 1199 1428 eprp.
1217 1335 1265 1405 ad

145 1441 245 1512 Attia.
263 1437 357 1506 x111.
379 1434 440 1506 49.
463 1446 673 1531 compertum
691 1440 875 1527 habemus,
899 1439 1089 1525 Phameae,
1115 1439 1175 1529 qui
1197 1438 1264 1507 Τι-

145 1543 239 1636 gellii
256 1564 337 1609 avus
365 1549 454 1628 erat,
488 1563 641 1609 caussam
672 1553 786 1612 contra
813 1564 938 1635 pueros
962 1540 1122 1613 Octavios
1154 1540 1265 1610 Gnaei

146 1646 232 1714 filios
257 1650 448 1734 receperat,
479 1665 591 1732 neque
611 1653 724 1713 tamen
752 1646 784 1716 ei
805 1667 847 1714 eo
871 1646 943 1734 die,
977 1667 1045 1735 quo
1073 1644 1129 1712 ille
1149 1645 1264 1732 vellet,

51 1783 56 1794 ·
147 1769 288 1841 operam
306 1745 389 1813 dare
408 1738 583 1837 potuerat,
616 1748 696 1839 quia
716 1770 758 1818 eo
779 1748 854 1849 ipso
883 1747 938 1817 die
959 1747 1003 1816 de
1028 1747 1067 1815 Ρ.
1089 1746 1205 1817 Sextio
1228 1747 1265 1814 in

144 1849 321 1925 ‚consilium
334 1849 373 1917 in·
390 1872 527 1919 necesse
542 1857 638 1919 essct
691 1850 906 1941 Quamquam
922 1849 1061 1937 Cicero,
1085 1858 1124 1917 ut
1138 1849 1183 1917 ad
1195 1849 1263 1919 At·
1313 1898 1316 1905 ·

147 1953 251 2020 ticum
263 1961 298 2020 et
317 1951 363 2019 ad
376 1951 519 2020 Fabium
536 1953 674 2021 Gallum
687 1952 780 2047 Epp.
797 1954 841 2021 ad
854 1956 983 2023 Divers.
1007 1952 1082 2022 vll.
1092 1950 1155 2025 24.
1176 1945 1264 2021 scri-

148 2055 214 2142 bit,
239 2077 275 2122 se
292 2053 324 2122 ei
348 2054 413 2122 alio
437 2053 492 2122 die
514 2055 795 2124 non'deiuturum
816 2081 888 2125 esse
909 2056 1124 2149 promiserat,
1149 2063 1266 2125 tamen
1372 2072 1377 2078 ·

146 2157 221 2240 ille,
247 2156 305 2245 qui
327 2155 444 2244 sciret,
471 2180 507 2226 se
537 2168 697 2250 nepotem
729 2160 855 2228 bellum
877 2160 1045 2228 tibicinem
1068 2157 1197 2227 habere
1229 2166 1266 2226 et

145 2270 198 2331 sat
209 2260 338 2328 bonum
352 2269 540 2347 cautorem,
565 2262 679 2330 iratior
694 2263 738 2330 ab
753 2286 794 2333 eo
809 2262 967 2332 discessit.
1000 2258 1177 2349 „Habes,“
1201 2261 1266 2329 ad-

87 2426 92 2435 .
145 2363 196 2432 dit
212 2361 333 2432 Cicero
348 2362 384 2432 iu
400 2362 542 2457 epistola
554 2365 600 2432 ad
612 2364 757 2435 Fabium
772 2365 925 2453 Gallum,
960 2363 1133 2452 „Sardos
1152 2386 1266 2434 vena·
1372 2410 1375 2414 -

39 2509 41 2514 ·
146 2468 216 2537 les:
239 2467 352 2535 aliam
373 2467 445 2536 olio
468 2469 703 2560 nequiorem.“
752 2469 928 2562 Tigellius,
950 2467 1122 2537 Phameae
1142 2489 1273 2559 nepos,

147 2569 305 2639 Ciceroni
318 2569 386 2637 hae
402 2569 448 2639 de
469 2594 508 2639 re
529 2572 734 2661 iniquissime
755 2573 960 2659 succensuit,
986 2592 1131 2660 eumque
1154 2571 1264 2641 minus

39 2740 45 2747 ,
146 2672 346 2749 observavit.
389 2671 547 2762 ,‚otim,“
571 2684 609 2743 ut
627 2674 748 2744 Cicero
762 2676 807 2744 ad
827 2674 964 2760 Gallum
980 2674 1126 2743 Fabium
1139 2673 1265 2760 scribit,

145 2796 275 2866 „quum
288 2795 448 2868 regnare
463 2775 769 2865 existimatam,
794 2801 863 2849 non
877 2786 954 2850 tom
967 2775 1015 2846 ob
1031 2777 1131 2863 ullis,
1156 2798 1267 2869 quum
1317 2849 1321 2855 ,

146 2877 215 2964 boc
228 2871 386 2970 ternpore
400 2877 629 2950 observamur
641 2905 666 2952 a
673 2879 967 2976 familiarissimis
976 2878 1144 2950 Caesaris
1151 2879 1266 2949 omni-
1285 2926 1288 2935 -

147 2978 229 3068 buo,
249 2988 400 3074 praeter
419 2982 533 3053 istum.
584 2983 635 3053 Id
658 3007 728 3078 ego
750 2985 787 3054 in
810 2986 918 3055 lucris
934 3005 1048 3078 pono,
1072 3004 1145 3059 non,
1157 2981 1267 3076 serre

146 3082 323 3153 Ιιοπιίιιειιι
340 3085 615 3179 pestilentiorem
631 3087 759 3180 patria
787 3110 869 3175 suo,
909 3105 1056 3179 eumque
1077 3084 1266 3179 addictum

139 3181 380 3279 jamdudum
401 3187 505 3261 catat
525 3189 653 3268 Itioiaii
664 3181 912 3283 Hipponacteo
925 3187 1154 3283 praeconio.“
1178 3188 1267 3255 Per-

147 3298 340 3382 opportune
361 3306 404 3361 ert
426 3291 496 3362 hoo
511 3292 551 3363 Ο.
572 3294 692 3363 Licinii
709 3293 805 3363 Calvi
825 3293 1063 3387 Hipponacteo
1082 3291 1120 3361 in
1142 3289 1266 3385 Tigel-

147 3390 230 3463 lium
242 3395 424 3487 praecouio
436 3405 609 3465 servarunt
620 3420 755 3467 versum
772 3398 990 3467 sozontem
1131 3461 1133 3467 .

163 3489 169 3495 ’
250 3493 366 3567 Sardi
398 3495 531 3591 Tigelli
550 3500 718 3592 putidum
742 3508 852 3594 caput
872 3501 977 3587 venit,

145 3596 362 3691 Porphyrion
377 3609 411 3669 et
427 3602 630 3672 scholiastes
648 3602 752 3694 Cruq.
769 3604 814 3671 ad
828 3603 960 3672 Horatii
976 3600 1047 3673 sac
1061 3595 1089 3669 Ῑ.
1111 3597 1145 3669 3.
1165 3623 1197 3669 v.
1217 3598 1268 3689 3.,
1367 3584 1374 3611 ¹

146 3701 205 3768 ubi
218 3701 264 3770 de
284 3703 469 3774 discrimine
484 3707 656 3777 nominum
677 3706 868 3785 Surduset
892 3703 1133 3777 Sardinienstc
1155 3726 1269 3796 expo·
1345 3762 1351 3780 .

145 3811 229 3871 nunt
245 3803 322 3896 24).
371 3808 461 3879 Illud
472 3798 700 3904 fragmentum
710 3810 909 3880 illustratum
922 3809 1002 3879 dedi
1021 3809 1055 3875 in
1077 3804 1270 3881 comment.
1360 3904 1363 3913 Ι

43 3972 70 4008 ’ν’
155 3986 161 3997 ·
215 3968 265 4039 21)
283 3974 384 4027 Surdus
400 3972 470 4028 euim
486 3978 528 4040 ert
542 3982 637 4029 uotueu
653 3974 781 4040 nationis,
798 3975 974 4030 sardiniensis
988 3991 1084 4029 nomen
1101 3974 1220 4036 incolae,
1236 3974 1271 4025 ut

146 4038 249 4095 stauos
265 4046 293 4095 et
307 4044 463 4110 sattim
480 4044 617 4114 Hispanae
632 4051 660 4101 d
676 4046 962 4115 pronimdmutap.
972 4038 1089 4099 Graecos
1107 4041 1221 4105 Σικελὸς
1238 4049 1271 4096 et

146 4105 327 4182 Σικελιώτης
352 4115 388 4166 cl.
404 4113 524 4167 Thomas
546 4114 678 4187 Magister
698 4115 762 4182 ibiq.
780 4114 996 4169 Hcmsterbusius
1019 4132 1045 4182 p.
1062 4114 1116 4169 '192
1133 4132 1188 4181 sqq.
1214 4112 1270 4163 Ca-

146 4180 276 4235 mubonua
289 4172 324 4235 ad
339 4181 475 4251 Spartiaul
489 4183 571 4237 flach.
589 4202 613 4238 c.
628 4185 654 4237 1.
673 4182 717 4238 Sc.
735 4184 862 4250 Maffejm
878 4184 914 4238 ud
932 4184 1055 4239 Murcum
1070 4184 1166 4241 Veron.
1179 4199 1206 4252 p.
1219 4178 1269 4239 88.

137 4242 861 4322 ἀιῃῃ,.ιι.ιι.].ι·ιιηιιιι.ιι.αῦι.ςδ.
883 4261 1026 4347 ,ιηιᾞ
1049 4265 1054 4271 ·
1083 4268 1105 4339 J·
1131 4270 1329 4355 .,ι,1·,,,ξ.,,
