2768 4838
118 258 177 331 ,84
423 279 485 329 na
524 279 729 330 naavro
767 278 954 330 roura.

132 428 244 501 147⁶.
271 426 416 512 Sirmio,
434 425 623 520 legendum
648 425 854 520 suspicatum
886 424 1022 511 Sirene.
1087 426 1251 517 Pennino,

132 559 175 603 ne
188 533 323 627 gravim
341 531 422 622 quid
438 532 567 619 dicam,
593 538 669 601 suut
684 553 772 620 quae
784 529 970 601 Kordesius
985 532 1031 600 ad
1043 530 1251 605 Eberhardti

132 640 190 708 iib.
207 637 282 728 Lp.
299 633 351 703 28
365 657 441 723 sqq.
466 635 614 727 scripsit,
641 634 718 723 qui,
751 654 857 723 quum
875 635 939 705 sibi
959 635 1167 727 persuadere
1180 661 1250 708 non

132 750 265 834 posset,
297 738 453 808 Sirenum
480 737 583 806 fuisse
611 736 861 828 Tragoediam,
894 746 930 806 et
954 737 1089 807 omnino
1109 763 1131 807 a
1150 741 1249 809 Livio

133 843 328 917 Andronico
344 839 547 909 Comoedias
562 840 702 932 scriptas
717 847 878 930 negaret,
905 840 942 909 in
959 841 1120 911 Prisciani
1135 845 1249 912 verbis

133 947 255 1016 Liuiano
274 945 311 1013 in
334 942 469 1013 Sereno
496 944 601 1013 latere
621 943 820 1011 autumavit:
852 939 936 1013 Non
953 945 1068 1013 minua
1083 944 1248 1034 Sereana,

134 1058 170 1120 et
194 1047 397 1140 Septimium
416 1046 581 1115 Serenum
598 1054 738 1137 poetam
757 1045 945 1133 intellexit,
959 1046 1005 1115 de
1025 1069 1093 1137 quo
1113 1049 1248 1117 Teren-

133 1152 213 1221 tiani
226 1150 340 1219 Mauri
352 1150 511 1238 aequale,
537 1160 575 1218 ut
586 1171 697 1239 nuper
709 1148 885 1217 Santenius
907 1150 942 1217 in
954 1149 1099 1219 Praefat
1116 1150 1161 1221 ad
1173 1153 1247 1222 Te-

133 1264 215 1326 rent.
230 1252 282 1324 Μ
298 1276 335 1345 p.
355 1252 416 1321 lm
439 1252 571 1347 docuit,
595 1260 731 1344 praeter
746 1250 1014 1321 Wemsdortium
1032 1253 1067 1321 in
1081 1254 1120 1323 P.
1138 1252 1181 1323 In
1195 1254 1247 1327 Μ

134 1360 178 1427 Τ.
201 1356 246 1427 11.
261 1378 298 1448 p.
314 1353 401 1423 241.
420 1354 495 1447 ipse
515 1356 616 1423 docte
636 1376 677 1420 ae
699 1353 837 1445 copiose
861 1356 941 1445 egit
991 1356 1055 1423 Illa
1074 1360 1248 1446 correctio,

136 1481 304 1555 perquam
318 1456 429 1527 audax
442 1465 476 1525 et
489 1458 651 1536 violenta,
664 1464 756 1522 tanto
771 1456 1024 1547 majoremfacit
1030 1460 1248 1547 mirationem,

136 1572 262 1655 quanto
275 1559 415 1653 propior
431 1566 504 1627 erat
514 1556 700 1627 Kordesius
713 1579 813 1625 verae
827 1559 912 1625 iilius
927 1558 994 1626 loci
1014 1564 1249 1649 emendationi,
1314 1622 1317 1627 .

135 1668 218 1736 dum
242 1662 452 1733 Gladiolnm
475 1684 530 1753 ap.
542 1659 737 1751 Festump.
756 1658 843 1729 sal.
845 1660 1036 1750 ,Lydium
1055 1686 1110 1754 ap.
1135 1666 1247 1735 Eund.

134 1793 209 1864 p.
186 1764 273 1837 488.
286 1772 322 1833 ιιι
341 1763 526 1857 Vnginem
540 1786 596 1855 ap.
610 1762 723 1833 Eund.
744 1786 781 1855 p
804 1710 890 1834 28³⁰.
898 1784 1018 1853 ,quas
1039 1767 1145 1857 vulgo
1160 1768 1249 1835 Livii

134 1848 320 1941 Andronici
333 1866 538 1937 Comoedias
557 1888 632 1939 esse
643 1866 781 1952 dicunt,
807 1865 940 1935 Laenio
960 1866 1152 1937 tribuendas
1173 1892 1248 1938 esse

135 1970 318 2043 contendit.
368 1967 731 2041 conmonuemus
752 1969 864 2041 Auni
873 1968 953 2041 Cn‘t.
974 1992 1010 2061 p
1032 1967 1092 2043 52.
1111 1971 1149 2040 id
1165 1972 1246 2065 egit,

134 2084 173 2147 ut
193 2098 271 2143 cum
288 2096 365 2162 eas,
390 2095 475 2163 quas
498 2072 604 2141 modo
626 2073 903 2159 memoravimus,
930 2070 1150 2163 Comoedias,
1175 2087 1248 2143 tum

135 2174 751 2262 etiam—Serenumliriovindicaret,
776 2175 871 2267 eujus
892 2183 1007 2244 tamen
1027 2176 1161 2246 fabulae
1182 2202 1247 2247 no-

135 2306 233 2369 men,
258 2303 337 2349 cum
349 2280 387 2349 in
398 2277 471 2372 ejus
483 2277 692 2370 Fragmento
710 2278 754 2345 de
765 2277 892 2370 Ulysse
906 2279 948 2346 sit
962 2302 1093 2366 sermo,
1119 2279 1247 2374 depra-

134 2395 251 2457 vatum
261 2383 392 2478 putavit
405 2404 448 2451 ex
461 2380 588 2451 Sirene
604 2382 660 2449 vel
674 2379 875 2466 Sirenides,
907 2380 1005 2473 cujus
1016 2383 1157 2451 nominis
1173 2383 1247 2453 Co·

135 2488 287 2559 moedias
300 2486 345 2556 ab
362 2485 587 2577 Epicharmo,
601 2482 837 2575 Nicophonte,
860 2482 1091 2578 Theopompo
1105 2488 1257 2579 scriptas

136 2614 211 2661 esse
231 2597 404 2659 adnotetur
415 2588 621 2657 Athenaeus.
672 2585 845 2655 Osannum
862 2584 949 2658 hacc
971 2588 1173 2659 scribentem
1194 2591 1247 2658 Ιι-
1339 2611 1347 2621 ’

135 2696 230 2763 tebat
245 2692 357 2762 adhuc
370 2692 556 2761 Hennanni
569 2689 765 2783 disputatio,
790 2688 886 2783 cujus
899 2690 1037 2759 demum
1051 2692 1085 2760 in
1101 2692 1247 2763 Adden-

136 2797 187 2866 dis
201 2795 351 2865 meminit
369 2796 432 2881 ita,
457 2801 513 2881 ut,
550 2815 653 2884 quam
679 2792 723 2861 de
736 2792 861 2862 'Sirene
875 2790 962 2861 Livii
973 2794 1157 2863 Andronici
1173 2796 1247 2866 Οι-

135 2887 271 2970 ιιιιιιιιιίι
280 2905 506 2990 proposuerat
518 2895 730 2982 sententiam,
749 2896 911 2965 tuendam
923 2897 1146 2969 arbitraretur.
1172 2898 1246 2968 Ve-

133 3026 211 3072 rum
224 3009 338 3071 ιιιιιιιι
357 3000 392 3068 in
404 3008 497 3069 tanta
517 3022 631 3069 rerum
644 2999 810 3069 euidentia
830 2998 914 3068 mihi
926 3000 981 3069 vix
993 3000 1133 3069 dubium
1146 3001 1246 3070 vide·

134 3114 206 3194 tur,
232 3104 312 3197 quin
324 3102 555 3190 Hermaanus,
581 3103 639 3193 qui
659 3102 696 3171 in
709 3102 880 3177 Prisciano
893 3102 1048 3171 Laevina
1066 3102 1103 3171 in
1118 3103 1247 3176 Sirene
1319 3148 1322 3153 ·

134 3206 349 3279 scribendum
364 3208 506 3294 censuit,
530 3227 647 3275 veram
661 3206 879 3281 Grammatici
893 3228 1031 3274 manum
1049 3208 1245 3292 restituerit3

134 3314 163 3380 si
176 3313 271 3403 quis
265 3318 347 3381 vcro
361 3309 510 3399 quaerit,
531 3317 645 3379 ιιιιιιιιι
657 3308 774 3377 Laevii
786 3308 905 3377 Sirene
926 3308 1042 3379 fabula
1062 3310 1246 3381 dramatica

132 3414 251 3503 fuerit,
283 3434 347 3483 nec
367 3436 429 3499 ue,
459 3412 590 3500 habeo,
622 3410 716 3502 quod
735 3411 970 3533 respondeam.
1028 3413 1190 3500 Laevius,
1216 3416 1244 3483 si

80 3518 83 3523 '
132 3525 184 3585 tot
198 3464 387 3608 composuit
401 3462 569 3599 dramata,
594 3524 683 3604 quot
699 3525 733 3583 et
752 3516 886 3585 nomine
908 3524 942 3584 et
954 3516 1100 3606 reliquiis
1120 3465 1243 3585 tradita

132 3642 156 3687 ι
173 3608 407 3688 Grammaticis
428 3617 637 3709 accepimus,
670 3619 732 3685 erit
750 3619 925 3711 profecto,
960 3620 1053 3709 quod
1072 3620 1175 3687 altum
1196 3618 1242 3689 de

132 3720 201 3790 hoc
215 3731 285 3789 ιιιιι
297 3716 478 3811 multorum
500 3720 689 3789 dramatum
702 3722 865 3813 scriptore
886 3722 1043 3789 miremm
1063 3722 1242 3813 antiquita·-

131 3825 173 3893 tir
195 3823 370 3893 edentium
427 3804 533 3914 Atqui
554 3824 618 3893 ille
630 3846 741 3913 quum
753 3846 821 3893 uno
838 3824 1116 3918 Erotopaegnion
1135 3847 1242 3918 opere

131 3911 279 4029 aliquam
292 3925 417 3997 famam
431 3949 472 3995 ac
486 3927 644 3995 laudem
635 3935 721 3993 mter
735 3926 823 3995 Latii
841 3937 961 4020 poetas
977 3929 1019 3997 sit
1033 3937 1243 4017 consecutus,

129 4031 215 4099 iliius
227 4037 341 4097 autem
354 4030 465 4121 operis
481 4052 557 4107 eam
569 4029 673 4098 fraisne
686 4030 849 4105 rationem
862 4026 972 4127 Μ,
992 4041 1153 4120 quantum
1168 4031 1243 4124 ejus

127 4134 202 4203 fiori
215 4138 365 4225 p,oterat
386 4120 658 4223 probaverimus,
682 4142 719 4201 ut
738 4134 869 4203 diversa
882 4133 1181 4224 minotaretur·
1177 4136 1243 4203 di-

126 4258 214 4307 veru
202 4234 414 4330 'argumenti
425 4236 572 4335 ιοιιιιιί
582 4244 742 4331 poemata
752 4234 899 4333 propriis
911 4246 1069 4328 qmeque
1080 4237 1243 4332 inscripta
