2768 4838
350 281 463 335 neo.
489 282 670 335 ιιιιιιιι
680 281 822 363 curra
836 280 1009 335 roura.-
1165 258 1245 333 loa

124 362 302 517 boratum,
326 454 411 526 prae
433 431 603 505 Hortensii
615 435 807 526 poematis,
828 433 949 504 leviter
964 432 1245 527 negligenterque
1368 471 1374 491 ι

123 537 223 623 fusis,
247 480 399 627 palmam
413 538 525 606 defert
544 546 782 628 aeternamque
803 547 985 630 auguratur
1005 540 1151 625 famam,
1177 562 1246 629 qua

124 639 254 711 Volusii
267 640 415 715 Annales
431 640 617 730 tumidique
639 639 832 710 Antimacbi
846 642 994 709 carmina
1014 642 1079 710 sint
1092 642 1244 715 caritura.

138 734 140 739 ¹
230 738 319 811 com
330 743 415 811 inter
429 743 556 813 Cinnae
576 743 723 811 carmina
739 743 937 834 Zmyrnam
950 744 1090 813 caeteris
1103 743 1247 836 praesti-

125 847 206 915 tisse
227 847 425 935 auctorique
445 847 584 915 nominis
610 847 795 915 claritatem
823 848 864 914 ac
894 848 1021 917 famam
1043 847 1247 936 conciliasse,

126 959 200 1018 tum
212 947 349 1017 aliunde
363 959 510 1036 constet,
536 959 608 1018 ιιιιιι
622 972 665 1021 ex
678 948 747 1019 boc
769 949 932 1038 carmine,
955 951 1078 1040 inquo
1098 972 1248 1019 amaram

126 1052 297 1122 Hortensii
311 1051 507 1142 Volusiique
519 1052 705 1121 irrisionem
719 1074 796 1121 curn
809 1075 939 1122 summa
953 1052 1120 1143 Zmyrnae
1135 1046 1246 1121 admit

126 1155 256 1223 ratione
277 1154 490 1246 conjunctam
517 1155 687 1242 videmus,
728 1155 806 1224 satis
825 1157 1040 1224 manifestum
1066 1155 1247 1238 reddatur,

127 1280 254 1350 operae
272 1259 418 1349 pretium
439 1267 506 1345 est,
531 1257 615 1326 illud
636 1259 820 1327 accuratius
841 1280 1070 1352 cognoscere,
1096 1268 1130 1327 et
1152 1256 1248 1350 cujus

126 1360 227 1430 fuerit
250 1362 456 1452 argumenti,
489 1360 666 1452 diligenter
686 1361 860 1453 indagare.
921 1360 1029 1446 Quod
1045 1360 1247 1451 priusquam

128 1462 363 1556 aggredimur,
388 1464 633 1557 praemittenda
656 1475 732 1533 sunt
752 1464 911 1533 nonnulla
931 1463 975 1532 de
999 1462 1163 1553 scriptura
1182 1486 1248 1531 vo-

129 1568 203 1636 cab.
224 1565 400 1656 Smyrna:
425 1567 470 1634 de
492 1590 560 1657 qua
574 1566 651 1660 jam
672 1568 910 1652 interflveteres
933 1567 1035 1635 fuisse
1053 1565 1247 1653 dissensum,
1328 1560 1333 1569 “

129 1669 297 1740 exserto
318 1669 492 1762 Empirico
515 1671 648 1749 advers,
670 1669 856 1739 Grammat.
877 1671 919 1739 L.
936 1670 964 1739 I.
989 1690 1019 1738 c.
1041 1667 1077 1738 8.
1102 1663 1138 1762 §.
1160 1665 1247 1742 253.

128 1772 230 1844 Febr.
251 1782 365 1865 patet,
402 1774 484 1842 dum
507 1774 562 1842 alii
580 1774 671 1841 hanc
689 1796 811 1847 vocem
830 1771 988 1862 Smyrna
1009 1771 1064 1839 alii
1087 1772 1248 1861 Zmyrna

129 1884 298 1945 exaratam
321 1876 506 1945 voluerunt.
565 1874 781 1966 Herodianus
801 1899 857 1967 ap.
876 1876 1109 1943 Hermannum
1127 1873 1160 1942 d.
1181 1875 1246 1943 ern.

128 1987 192 2048 rat
213 1978 276 2047 Gr.
297 1977 358 2050 Gr.
376 2002 411 2072 p.
434 1975 521 2048 385.
545 1978 638 2049 Xlll.
655 1979 729 2049 fieri
749 2001 850 2071 posse
868 1988 989 2071 negat,
1026 1987 1065 2045 ut
1092 1969 1248 2071 Σμύρνα

129 2082 294 2152 scribatur
313 2075 484 2176 Ζμιιρια,
520 2083 678 2172 quoniam
701 2090 723 2168 ζ
741 2083 783 2150 sit
806 2081 902 2149 litera
924 2100 1128 2166 consonans,
1159 2101 1248 2169 quae

129 2183 244 2253 literae
258 2211 286 2275 μ
300 2185 466 2279 praeponi
483 2181 639 2276 nequeat.
690 2184 763 2255 Sed
785 2184 887 2252 fuisse
903 2183 1165 2269 Grammaticos,
1190 2183 1250 2271 qui

128 2287 220 2357 illam
234 2287 365 2356 literam
379 2289 565 2380 simplicem
579 2296 817 2368 consonantem
833 2309 907 2354 esse
919 2292 1093 2377 putarent,
1119 2283 1249 2352 docue-

128 2401 207 2460 runt
218 2391 438 2460 Buttmnnnus
453 2392 487 2458 in
504 2391 566 2464 Gr.
583 2391 644 2463 Gr.
657 2391 702 2462 Τ.
716 2390 742 2459 1
757 2413 792 2483 p.
812 2386 860 2456 15
882 2410 933 2478 sq.
954 2396 989 2457 et
1014 2386 1118 2456 Conr.
1137 2386 1248 2478 Leop.

121 2493 357 2564 'Schneiderus
372 2495 407 2562 in
422 2494 538 2563 Gram.
547 2496 624 2564 Lat.
636 2494 679 2565 1..
685 2493 756 2567 Sd.
773 2493 812 2562 P.
820 2491 848 2561 1.
865 2515 902 2584 p.
919 2488 1006 2565 381.
1029 2490 1134 2559 Prout
1147 2490 1256 2581 igitur

130 2598 177 2666 illi
189 2596 234 2665 de
250 2597 282 2666 vi
297 2596 400 2689 hujus
420 2596 537 2667 literae
549 2598 746 2682 statuebant,
763 2597 956 2664 alterutram
964 2593 1132 2663 scribendi
1145 2591 1249 2660 ratio·
1272 2652 1274 2658 .
1301 2664 1305 2683 Ι

130 2724 208 2770 nem
223 2702 468 2793 praetulerunt.
495 2701 552 2791 qui
569 2701 791 2794 posteriorem
805 2699 1107 2790 amplectebantur
1114 2704 1250 2764 senten·
1339 2758 1341 2763 .

72 2808 81 2816 “
131 2804 235 2893 tiam,
253 2803 426 2875 habebant
441 2803 648 2890 Homerum,
673 2810 741 2893 quo
761 2825 837 2870 eam
851 2809 1045 2914 tuerentur,
1066 2800 1124 2889 qui
1145 2821 1250 2867 voca-

131 2908 199 2976 lem
213 2856 370 2992 luerem,
396 2916 476 2975 ante
498 2903 807 3034 §producendam
833 2880 1010 2995 corripuit,
1035 2912 1072 2970 ut
1090 2902 1184 2971 lliad.
1205 2901 1249 2969 ll.

131 3008 218 3080 824.
239 3037 274 3082 οι
266 3013 330 3084 dd
346 3006 543 3082 Ζέλειαν
521 3034 646 3082 averno
669 3006 812 3077 etlliad
826 3005 885 3075 lv.
908 3005 994 3074 183.
1019 3004 1118 3095 adq.
1138 3005 1160 3071 l.
1181 3002 1249 3071 vid.

131 3112 285 3204 Heynius
299 3114 344 3183 Τ.
358 3111 416 3184 IV.
431 3135 467 3205 p.
483 3109 570 3184 512.
594 3120 629 3181 et
650 3110 870 3181 Thiersclrius
896 3107 958 3180 Gr.
973 3107 1034 3179 Gr.
1054 3102 1099 3202 §.
1112 3105 1199 3175 148.
1213 3103 1249 3173 8.

130 3240 166 3308 p.
183 3214 280 3302 115,
297 3239 364 3307 qua
384 3216 517 3284 licentia
534 3215 677 3286 seriores
700 3224 819 3307 poetas
841 3209 887 3279 ad
905 3211 1021 3279 uitium
1043 3233 1150 3300 usque
1172 3231 1250 3276 usos

133 3343 221 3407 esse,
246 3320 374 3388 monuit
386 3319 599 3387 Hermannus
614 3318 659 3387 ad
672 3316 782 3408 Orph.
796 3316 925 3407 Argon.
941 3337 977 3406 p.
993 3312 1080 3383 761.
1116 3311 1251 3379 Eadem
1332 3332 1334 3337 ·

131 3423 215 3491 ratio
229 3445 292 3490 uec
306 3424 415 3491 minor
428 3424 514 3491 inter
529 3423 628 3491 Viros
644 3421 772 3490 Doctus
792 3416 1038 3508 discrepantia
1028 3416 1192 3485 invenitur
1205 3412 1252 3483 de

132 3543 207 3596 voc.
235 3523 488 3617 Smaragdos,
531 3547 596 3617 pro
621 3547 690 3614 qua
716 3523 845 3617 formq
853 3520 994 3590 alteram
1023 3517 1250 3610 zruurngdua

132 3636 271 3698 tuentur
282 3628 517 3697 Brouklrusrus
532 3627 577 3695 ad
591 3626 717 3701 Tibull.
737 3627 764 3695 1.
798 3623 831 3693 l.
862 3620 923 3696 51.
947 3646 984 3716 p.
1002 3621 1062 3702 21.
1081 3620 1137 3691 El.
1152 3620 1194 3691 11
1214 3614 1258 3689 4

124 3730 193 3799 ’21.
208 3731 298 3800 etad
312 3734 464 3823 Propert
484 3732 527 3799 ll.
545 3728 603 3799 13.
618 3730 679 3802 43.
692 3753 729 3822 p.
748 3727 833 3799 141.
846 3728 928 3797 item
945 3725 1157 3799 Burmannus
1172 3723 1250 3792 Sec.

132 3834 177 3902 ad
195 3836 351 3926 Propert.
374 3836 396 3904 l.
417 3859 445 3904 c.
467 3856 503 3926 p.
524 3833 610 3902 333.
634 3844 669 3902 et
690 3832 736 3901 ad
756 3831 896 3901 Anthol.
913 3828 989 3897 Lat.
1009 3828 1087 3897 Lib.
1111 3827 1155 3900 11.
1174 3825 1252 3895 Gar.

132 3936 219 4006 224.
240 3939 284 4008 Τ.
308 3939 335 4007 l.
356 3960 391 4030 p.
412 3934 500 4005 415.
524 3946 657 4004 secutus
682 3934 795 4027 patrui
816 3932 860 4003 ad
885 3930 987 4005 Ouid.
1010 3929 1097 4001 Met.
1118 3929 1162 3998 ll.
1191 3926 1259 4015 24,

131 4040 249 4110 Amor.
262 4040 306 4112 11.
322 4039 357 4109 8.
374 4026 433 4108 21.
451 4049 485 4109 et
500 4040 545 4106 ad
558 4041 694 4108 Petron.
709 4061 738 4107 c.
755 4031 817 4110 55.
833 4033 877 4105 Τ.
902 4034 930 4107 l.
952 4057 988 4126 p.
980 4032 1090 4104 ..388
1106 4032 1253 4101 auctori·

131 4153 252 4214 tatem:
279 4143 368 4217 adde
381 4144 503 4236 lntpp.
515 4141 710 4213 nominatim
728 4137 943 4210 Schwabium
963 4138 1090 4209 inNot.
1108 4136 1189 4205 crit.
1209 4133 1255 4221 ad

131 4246 280 4317 Phaedri
299 4247 384 4323 Fab.
397 4249 440 4320 L.
457 4247 517 4317 lll.
552 4245 613 4323 18.
633 4267 666 4315 v.
680 4243 715 4314 1.
730 4244 773 4317 Τ.
791 4242 834 4313 11.
854 4265 890 4336 p.
906 4238 993 4326 138.
1019 4240 1119 4310 Hauc
1143 4244 1254 4309 autem
