2768 4838
131 270 193 349 58
441 296 748 347 reuersae·
775 297 958 348 roura.

131 441 489 520 videntn'reblrorrere
505 470 526 516 a
541 447 657 517 Laevii
669 448 817 541 ingenio.
867 447 909 519 Id
930 471 1036 540 quum
1057 448 1152 535 dieo,
1178 454 1255 517 tan-

131 564 204 622 tum
226 553 340 639 abest,
365 560 403 620 ut
423 560 491 643 ego
511 551 682 644 Euripidis
704 553 855 621 fabulam
873 552 1035 621 uLaevio
1057 554 1112 620 vel
1133 552 1255 620 Latine

131 642 328 725 conversam
355 654 410 730 vel
437 654 620 723 imitatione
648 676 840 747 expressam
868 656 1005 747 opiner,
1052 654 1255 746 utaloseplr.

49 816 54 825 .
130 759 359 852 scaligerum,
385 758 443 848 qui
459 757 494 825 in
508 756 662 850 conject.
677 759 698 829 l
716 781 744 828 e.
765 756 800 826 id
815 758 903 849 egit,
928 769 983 845 nt,
1009 780 1098 848 quae
1121 780 1164 826 ex
1178 757 1255 825 Eu-

129 862 239 956 ripide
259 861 361 929 ducto
380 869 506 946 essent,
533 860 687 948 doceret,
714 883 855 952 operam
874 860 1061 954 perdidisse
1085 883 1255 934 censeam.

56 1036 59 1043 ,
212 964 271 1071 υΙιι
290 961 428 1055 singulis
454 984 537 1031 vero
556 963 674 1032 Laevii
698 964 826 1050 verbis,
860 986 949 1053 qnae
970 963 1118 1050 Gellius,
1150 963 1256 1054 paulo

129 1067 295 1137 morosior
301 1065 431 1159 judex,
455 1066 600 1155 notavit,
625 1089 692 1135 non
706 1065 904 1159 tamjndicii
917 1068 1171 1159 perversitatem
1191 1064 1256 1134 de-

127 1168 325 1263 prehendo,
351 1190 453 1259 quam
467 1170 623 1237 orationis
636 1169 808 1261 poeticae,
835 1192 923 1258 quae
939 1170 985 1237 illi
999 1170 1098 1238 aetati
1115 1170 1257 1260 propria

130 1280 221 1359 eret,
245 1271 433 1356 infandam,
459 1292 547 1361 quae
568 1272 690 1339 sensim
708 1271 813 1340 modo
828 1282 862 1339 et
873 1271 1069 1363 conjunctis
1084 1278 1256 1339 oratorum

130 1383 166 1443 et
177 1384 357 1467 poetarum
371 1373 486 1443 studiis
499 1373 544 1441 ad
560 1396 637 1441 eam
650 1373 798 1442 adolevit
816 1375 1042 1442 maturitatem
1063 1382 1097 1441 et
1112 1375 1255 1465 elegan-

130 1478 227 1565 tiam,
262 1498 364 1568 quam
391 1477 427 1544 in
448 1476 580 1568 Virgilii
606 1485 642 1545 et
665 1476 799 1545 Horatii
819 1476 1019 1544 carnrinibus
1040 1474 1254 1544 admiramur.

130 1580 185 1650 De
199 1580 337 1672 singulis
350 1585 527 1671 praeterea
538 1577 627 1648 haec
640 1580 714 1648 fere
726 1578 840 1647 habeo
854 1602 942 1670 quae
956 1578 1123 1671 adjiciam.
1150 1578 1257 1663 Quod

131 1682 177 1750 ad
198 1705 229 1754 v.
239 1680 344 1776 sorte
371 1678 504 1769 adinet,
538 1682 582 1750 G.
604 1680 632 1756 l.
654 1676 800 1752 Vossius
820 1681 854 1750 in
879 1681 1006 1774 castig.
1028 1704 1064 1773 p.
1086 1679 1147 1749 63.
1182 1680 1260 1748 eri-.

131 1785 259 1871 stimat,
292 1783 456 1852 Laeuium
476 1806 499 1852 a
522 1782 636 1854 Gellio
656 1786 785 1871 notari,
817 1784 912 1875 quod
930 1783 1028 1878 forte
1049 1780 1168 1864 ἁπλαῖς
1187 1804 1255 1874 pro

122 1886 288 1982 sortasse
300 1886 436 1956 dixerit:
459 1887 495 1955 in
509 1910 579 1977 qno
593 1888 715 1958 falsum
732 1889 937 1980 puto-virum
952 1886 1140 1979 egregium.
1166 1885 1254 1954 Gel-

132 1991 232 2073 lium,
257 1990 294 2059 ni
316 1989 434 2076 fallor,
459 1990 602 2059 offendit
614 2013 671 2065 vv.
691 1989 800 2060 Forte
819 1989 1024 2060 dubitanter
1043 1988 1234 2083 conjunctio
1243 2012 1258 2058 r.
1361 2070 1367 2081 .

56 2082 60 2091 ’
131 2095 181 2163 uti
208 2093 309 2163 etiarn
331 2092 523 2161 Gronovius
549 2094 681 2162 videtur
709 2094 891 2186 accepisse.
957 2093 1116 2163 Similiter
1137 2092 1256 2184 optimi

22 2190 26 2207 ¹
131 2197 311 2291 scriptores
327 2195 479 2299 jungunt
488 2195 593 2290 forte
613 2205 765 2266 temere:
788 2196 856 2265 rid.
874 2197 1026 2270 Gronov.
1051 2197 1097 2264 ud
1115 2196 1190 2264 Lir.
1210 2195 1256 2284 X,

131 2298 193 2372 43.
213 2338 266 2353 ·-
314 2298 518 2369 Coreudum
543 2300 598 2370 tat
616 2301 796 2393 scripserat
815 2297 960 2369 Laevius
985 2321 1064 2368 cum
1092 2299 1255 2387 Terentio
1314 2369 1320 2377 ,

129 2402 253 2471 Heant.
266 2400 311 2488 ll,
324 2400 362 2489 4,
376 2401 437 2469 20.
458 2402 720 2497 Praeterquam
733 2404 786 2477 tui
799 2404 997 2472 carendum
1029 2400 1126 2495 quod
1153 2408 1256 2493 erat5

131 2515 166 2575 et
185 2505 343 2576 dolentia
366 2505 491 2574 eodem
503 2506 752 2598 jurenovarit,
777 2529 846 2597 quo
869 2506 991 2575 Cicero
1018 2506 1062 2573 de
1080 2504 1153 2573 Pio.
1176 2504 1254 2573 Lib.

49 2674 50 2679 ,
128 2608 171 2694 ll,
185 2609 230 2695 4,
255 2606 322 2695 ll,
352 2608 566 2681 indolentia:
597 2609 664 2680 vid.
683 2610 732 2679 ibi
753 2607 924 2678 Goerenz.
939 2633 976 2702 p.
996 2606 1082 2693 138.
1100 2619 1134 2677 et
1153 2607 1253 2698 impr.

130 2711 170 2782 o.
187 2710 327 2779 Beierus
341 2711 386 2778 aa
402 2682 558 2782 olearon.
580 2712 613 2783 a.
629 2710 734 2782 offic.
753 2711 829 2781 ns.
844 2713 905 2780 rn.
927 2711 963 2782 a.
987 2711 1032 2780 r.
1046 2711 1088 2785 u
1111 2735 1147 2804 p.
1164 2709 1252 2777 ror.

131 2850 176 2869 ·-·
202 2814 366 2883 Laenium
386 2814 653 2885 intoleruutr‘bur
671 2838 737 2908 pro
758 2808 992 2891 irdolmuudis,
1009 2815 1176 2883 dicentem
1192 2836 1252 2885 ex-.
1303 2863 1305 2868 -

129 2927 225 2986 cusat
242 2916 315 2985 dos.
331 2916 486 3010 Scaliger
509 2920 543 2986 in
562 2919 723 2990 catalect
745 2919 840 3011 virg.
867 2919 913 2987 ad
934 2918 1043 2991 Culic.
1064 2941 1150 2987 vers.
1164 2913 1252 2983 utu.

128 3043 164 3113 p.
179 3020 241 3090 31.
256 3028 291 3089 el
301 3020 329 3093 1.
343 3019 402 3093 Fr.
417 3020 609 3091 Gronovius
628 3021 822 3092 Observatt.
845 3022 922 3090 Lib.
936 3021 996 3095 lll.
1019 3045 1048 3093 c.
1064 3017 1100 3090 Ί.
1115 3043 1149 3111 p.
1163 3016 1251 3087 371.

130 3130 307 3216 comparat
327 3123 399 3192 Silii
412 3123 485 3191 ltal.
495 3125 577 3207 lib.
592 3123 684 3199 XIV.
698 3124 786 3193 404.
838 3123 916 3194 Nee
937 3124 1069 3193 deiude
1086 3120 1254 3215 regenda

77 3254 83 3267 .
128 3227 260 3321 Puppe
284 3248 412 3296 marrus
432 3225 717 3323 valuitflecteuti
738 3228 928 3296 immortuo
954 3229 1074 3297 clavo:
1110 3222 1253 3319 ubijle-

24 3410 27 3419 ,
129 3332 236 3399 olenti
255 3338 320 3422 pro
329 3327 515 3425 flectendo
536 3331 582 3399 ad
595 3331 712 3400 Laevii
732 3332 925 3421 exemplum
946 3331 1055 3423 accipi
1075 3350 1176 3420 posse
1197 3328 1253 3414 ait,

128 3435 190 3503 nisi
204 3432 292 3502 forte
303 3435 350 3502 ita
364 3434 578 3502 scribendum
591 3436 650 3504 sit:
674 3434 795 3503 videsis
812 3432 854 3503 N.
870 3434 1046 3503 Heinsium
1060 3433 1106 3501 ad
1121 3432 1157 3502 lu
1169 3432 1253 3500 1.-

127 3537 244 3605 Verba
272 3536 457 3607 monetales
486 3537 545 3626 (al.
571 3537 774 3629 maniculis)
812 3528 950 3607 tenellis
968 3538 1072 3606 ducta
1098 3528 1254 3628 opinetur

127 3640 201 3709 dos.
222 3640 378 3733 Scaliger
395 3641 431 3709 in
447 3638 545 3732 conj.
566 3664 603 3732 p.
620 3610 706 3712 lud.
733 3663 775 3708 ex
791 3640 945 3733 Euripid.
962 3642 1090 3710 Alcest
1110 3656 1142 3706 r.
1163 3631 1252 3708 385.

126 3742 282 3834 Denique
297 3766 372 3812 voe.
388 3740 918 3836 Subductieupercilicmptores
938 3745 1096 3834 equidem
1107 3741 1254 3834 junctim

127 3845 342 3915 scribendum
358 3868 499 3932 censeo,
527 3846 675 3938 ulioquin
689 3870 757 3916 non
776 3848 893 3934 video,
919 3848 1002 3937 quid
1022 3846 1172 3915 Gellium
1185 3866 1253 3935 po-.
1301 3898 1304 3903 ,

59 4040 62 4045 Ι
127 3949 228 4018 tuerit
241 3948 434 4017 offendere:
460 3949 505 4016 cl.
525 3951 676 4042 interpp.
700 3949 745 4017 ad
757 3951 893 4019 Petron.
907 3951 978 4022 Sat.
995 3973 1024 4029 c.
1042 3949 1103 4016 30.
1118 3972 1154 4040 p.
1167 3944 1254 4019 158.

128 4054 169 4122 B.
186 4049 372 4122 offensioni
388 4052 453 4120 fuit
463 4046 582 4122 Gellio
593 4054 678 4122 dura
693 4054 785 4122 vocis
799 4055 1017 4144 compositio,
1042 4053 1128 4121 sieut
1142 4052 1253 4137 Quin-

128 4157 239 4225 tiliano
256 4154 357 4225 1:01.
375 4155 451 4231 Lib.
465 4154 494 4228 l.
522 4155 554 4227 1.
575 4151 611 4251 ς.
630 4154 692 4224 67.
711 4156 795 4225 dure
815 4158 972 4226 struxisse
986 4156 1164 4225 videbatur
1183 4155 1252 4223 Pa-.
1355 4206 1360 4215 .

128 4261 253 4329 curius·
277 4258 389 4329 Nerei
421 4258 746 4352 Bepuudr'rostrum
784 4260 1111 4331 incuruiceruicum.
1127 4280 1252 4352 pecus.
