2768 4838
316 301 371 352 nu-
390 299 535 353 murm
560 283 754 361 amnonius
777 295 1049 359 aunumuonn:
1172 269 1257 358 4³³
1288 269 1290 275 ’

124 459 276 548 abesset,
300 457 496 546 nominique
518 455 642 550 pudor.
701 454 807 546 Atqui
832 454 932 524 etiarn
952 448 1098 544 dubitari
1117 453 1257 544 nequit,

126 554 206 652 quin
220 563 292 631 istc
302 559 506 633 Caesaris-in
519 560 714 643 Terentiam
728 581 822 628 amor
834 559 938 651 ipsius
952 556 1162 626 Maecenatis
1179 557 1259 636 ani-s

125 686 218 735 mum
232 664 388 732 habuerit
404 662 505 731 valde
529 664 724 751 sollicitum,
751 671 802 750 et,
828 660 1016 729 accedente·
1037 661 1151 730 uxoris
1176 683 1258 741 mo·,

125 769 280 853 rositate,
306 766 475 852 effecerit,
502 788 579 833 eam
599 774 636 834 ut
657 764 794 833 maritus
816 785 906 833 nnnc
927 763 1138 855 repudiaret,
1163 785 1260 839 nunc,
1295 835 1299 842 ,

84 918 87 926 ·
126 870 339 963 repudiatam
354 868 611 945 cumdesiderio
627 868 766 938 domum
779 867 975 953 reduceret,
992 876 1044 954 et,
1070 877 1108 935 ut
1120 867 1260 948 Seneca¹
1283 895 1288 906 ·
1360 874 1361 879 ’

126 976 188 1059 ait,
221 973 339 1042 millies
363 972 506 1039 duceret
529 995 686 1060 uxorem,
721 982 799 1053 cum
821 993 923 1038 unam
947 969 1114 1055 habuerit.
1173 971 1256 1043 dam
1310 1013 1315 1038 t
1360 966 1362 971 ’

126 1077 205 1144 vide
233 1075 315 1169 mihi
342 1074 519 1142 artificium
545 1085 690 1166 poetae,
731 1074 789 1164 qui
817 1072 1055 1142 Maecenatem
1085 1075 1256 1144 amoribus

127 1180 261 1247 anxium
275 1188 309 1246 et
321 1198 478 1246 morosae
485 1179 596 1246 uxoris
610 1177 804 1268 quotidiana
818 1175 962 1270 repudia
976 1177 1156 1266 deflentem
1171 1200 1256 1247 con·
1365 1161 1369 1183 ¹

130 1284 295 1351 solaturus
320 1283 407 1349 inter
436 1282 534 1367 alias,
579 1304 663 1371 quas
694 1282 875 1350 Terentiae
905 1281 1077 1369 attribuit,
1117 1280 1256 1349 virtutes
1357 1290 1359 1295 ’

128 1387 231 1454 etiam
245 1384 333 1454 bene
356 1384 485 1454 mutuis
495 1383 622 1482 fidum
634 1391 761 1477 pectus
782 1382 963 1452 amoribus
981 1407 1013 1452 v.
1026 1379 1086 1451 15.
1104 1406 1257 1453 comme-

128 1498 250 1558 morat
300 1489 348 1557 Et
367 1510 503 1572 omnes,
537 1511 620 1578 quas
646 1489 680 1556 in
698 1487 756 1554 illa
779 1487 878 1555 effert
898 1488 1076 1575 Horatius,
1108 1487 1255 1575 virtutes,

68 1637 69 1641 =
129 1592 230 1660 dulce
252 1590 396 1660 canendi
411 1590 625 1678 facultatem,
652 1590 794 1660 saltandi
812 1599 935 1676 artem,
956 1590 1200 1659 formositatem
1223 1600 1257 1659 et

128 1696 301 1788 leporem,
334 1695 408 1784 quis
433 1703 530 1788 putat
557 1696 654 1788 parvi
683 1694 790 1762 factas
815 1694 946 1784 esseio
967 1716 1072 1785 upore
1092 1718 1113 1762 a
1135 1695 1256 1762 marito
1360 1742 1363 1750 ,

129 1799 233 1895 docto
251 1799 379 1891 pariter
399 1821 440 1865 ac
461 1798 628 1886 delicato,
653 1798 790 1887 qualem
802 1795 1039 1865 Maecenatem
1060 1798 1162 1866 fuisse
1185 1821 1256 1873 no-,

128 1903 263 1970 vimus?
313 1904 436 1971 Nonne
451 1901 538 1969 haec
557 1902 669 1970 omnia
685 1923 727 1969 eo
750 1901 874 1992 scripta
894 1901 1086 1992 putabimus
1101 1899 1256 1987 consilio,

84 2088 89 2092 ς
128 2015 167 2074 ut
195 2006 428 2097 refrigescenti
463 1998 716 2094 nonnumquam
755 2002 964 2072 Maecenatis
996 1994 1031 2072 in
1059 2004 1257 2074 Terentiam

104 2180 106 2187 ,
130 2110 237 2176 amori
264 2109 414 2175 fomenta
438 2102 580 2177 adderet
606 2117 640 2175 et
669 2107 902 2192 nutrimenta,
928 2124 1074 2198 eumque
1103 2108 1257 2201 subjecto

112 2208 219 2279 ‘novo
233 2213 325 2279 velut
337 2212 416 2302 igne
429 2211 648 2279 incenderet?
717 2209 834 2294 Quid?
861 2210 954 2299 quod
975 2221 1147 2303 postrema
1168 2222 1258 2280 stro-
1305 2234 1307 2239 ’

94 2310 97 2312 ’
131 2314 222 2407 pha,
248 2316 282 2382 in
300 2336 367 2403 qua
385 2314 491 2382 facilis
511 2314 597 2383 illius
612 2313 750 2382 saevitia
768 2313 889 2381 marito
909 2314 1016 2382 multa
1030 2315 1124 2383 basia
1144 2314 1257 2383 basia-

84 2476 87 2489 ,
130 2407 208 2485 turo
241 2441 331 2487 nunc
358 2418 508 2510 henigne
538 2416 764 2506 obsequendi,
809 2439 899 2485 nunc
929 2419 1018 2485 male
1044 2416 1259 2510 repugnandi

131 2523 309 2613 praeclare
325 2519 537 2614 depingitur,
561 2544 701 2614 prorsus
720 2519 768 2588 ita
782 2523 977 2612 comparata
995 2529 1084 2608 erat,
1100 2530 1138 2589 ut
1155 2521 1259 2589 Mae-

132 2626 275 2708 cenatis,
308 2625 394 2692 sicut
424 2647 595 2709 somnne,
628 2625 675 2692 ita
708 2646 769 2691 ore
791 2625 892 2691 etiam
913 2624 1113 2693 lascivientis
1137 2633 1187 2712 et,
1220 2631 1259 2692 ut

133 2724 197 2794 Cn·
211 2725 324 2793 Mattii
337 2729 448 2795 verbis
464 2726 557 2818 apud
574 2726 722 2794 Gellium
744 2727 788 2796 N.
806 2727 848 2794 A.
864 2727 959 2795 Libr.
976 2728 1104 2819 xxa.
1122 2726 1156 2795 9.
1172 2737 1259 2814 utar,
1289 2758 1294 2763 ·
1345 2768 1348 2784 κ

127 2828 384 2896 οοΙιιωὺιιΙαῑίω
397 2830 494 2897 labra
506 2829 607 2897 labris
622 2828 825 2896 conserentis
842 2826 1044 2898 desiderium
1060 2840 1094 2898 et
1108 2853 1260 2899 amorem
1342 2848 1345 2864 ³

132 2933 269 2999 acueret
283 2932 580 3021 inflammaretque.
633 2933 754 3021 Neque
771 2929 936 3023 ejusmodi
951 2956 1062 3001 mores
1080 2934 1261 3001 cumtvan-
1367 2990 1372 3007 ,

69 3053 72 3059 ’
133 3034 341 3126 derbourgio
358 3032 567 3104 existimandi
581 3044 656 3102 sunt
673 3032 808 3103 alienia
827 3035 1005 3120 Terentia,
1033 3059 1135 3124 quam
1156 3036 1260 3131 nobili

97 3217 99 3220 Α
133 3138 272 3228 quidem
288 3138 365 3208 loco
381 3148 514 3225 natam,
530 3136 601 3206 'sed
615 3161 736 3230 parum
758 3146 884 3206 castam
908 3133 1138 3230 pudicamque
1157 3141 1259 3210 fuisse
1295 3163 1305 3172 “

116 3249 125 3261 ”
133 3252 321 3310 matronam
333 3244 512 3335 scriptores
530 3249 757 3310 contestantur
771 3241 842 3309 lide
857 3241 1050 3334 dignissimi.
1072 3327 1076 3336 4
1103 3243 1258 3330 Accedit,
1330 3283 1339 3296 ·

134 3344 244 3434 quod,
270 3367 339 3434 quo
354 3334 508 3438 tempore
522 3346 579 3412 illa
593 3347 719 3437 scripta
732 3351 823 3431 sunt,
850 3344 1031 3414 Terentiae
1047 3344 1259 3415 hauddubie
1345 3423 1347 3427 ¹

133 3447 170 3515 id
192 3449 307 3515 aetatis
332 3448 443 3517 adhuc
469 3457 574 3535 esset,
607 3450 642 3516 in
663 3470 764 3538 quam
785 3447 952 3539 ejusmodi
976 3450 1140 3540 puellaris
1159 3452 1259 3542 lepor
1318 3511 1320 3514 a

135 3560 169 3619 et
184 3552 347 3641 'procacia
370 3553 525 3638 caderet,
551 3552 668 3619 saltem
693 3575 713 3618 a
736 3552 843 3620 Poeta
865 3551 1120 3621 accommodate
1149 3565 1259 3621 trans-

134 3654 217 3722 ferri
232 3663 359 3746 posset
408 3656 498 3722 Huic
513 3655 600 3721 enim
616 3653 653 3721 id
668 3654 766 3722 unice
785 3653 841 3721 hic
856 3645 1086 3746 spectandum
1106 3665 1195 3743 erat,
1221 3663 1262 3724 ut

134 3757 357 3846 Licymniom
375 3757 554 3850 effingeret
569 3758 695 3844 forma,
722 3757 859 3849 ingenio
879 3759 1095 3848 moribusque
1118 3761 1259 3851 placen·
1355 3756 1374 3836 ’,

134 3868 223 3948 tem,
251 3870 287 3930 ct
301 3884 440 3937 uxorem
454 3860 671 3929 adumbrarct
684 3859 870 3930 Molchino
886 3861 1034 3954 dignam.

238 4065 333 4133 Ecce
363 4065 465 4157 igitur
489 4065 606 4133 nobile
635 4089 699 4157 par
730 4065 932 4157 conjugum,
973 4063 1201 4137 Malchinum
1226 4076 1261 4135 et

135 4168 376 4259 Liqqmaiom,
403 4191 487 4257 quos
511 4178 549 4236 nt
573 4171 607 4236 in
627 4169 697 4236 vita
717 4191 969 4259 nonnumquam
990 4173 1080 4238 mala
1105 4168 1261 4263 disjunxit

135 4270 320 4357 discordia,
347 4273 393 4340 ita
404 4281 488 4366 post*
502 4282 646 4357 mortem
660 4295 807 4365 ¹quoque
828 4296 968 4343 concors
989 4274 1165 4364 quoddam
1191 4297 1261 4366 po-
