2768 4838
816 110 873 137 Α

143 270 218 345 1⁰4
380 294 435 345 nn
459 295 492 344 c.
518 293 692 345 urciano
718 290 857 342 caneo
882 284 1047 351 ronna-¹
1149 342 1152 347 .

139 443 255 540 primis
278 443 347 513 boc
369 446 530 539 objiciant
548 450 779 537 urgeantqne,
812 442 907 534 qnod
928 466 950 513 a
969 440 1152 513 Plutarcho
1176 442 1260 513 nihil

142 549 326 640 quidquam
346 548 392 619 de
406 550 498 620 istius
519 549 582 618 viri
602 547 763 638 praetorii
777 545 931 616 doctrina
952 555 987 615 et
1009 546 1143 631 studiis,
1176 546 1261 617 nihil

141 653 186 723 de
198 652 270 745 ejus
283 672 389 743 opera
402 653 527 722 loremi
547 650 699 719 additum
711 650 770 735 sit,
796 673 866 740 quc
879 650 1066 719 Historicus
1081 658 1117 717 et
1133 646 1261 719 Orator

140 756 198 825 ille
213 755 406 848 designetur
420 765 521 844 atque
543 754 681 845 agnosci
698 752 813 855 popsit
865 754 944 833 Hoc
962 751 1137 821 Plutarchi
1157 752 1260 823 silen-

141 860 242 939 tium,
266 880 330 949 per
350 881 386 927 se
401 858 585 928 admodum
605 858 680 925 leve
695 866 730 924 et
745 857 866 923 nullius
886 855 952 923 hac
974 855 1009 923 in
1029 878 1069 924 rc
1088 859 1260 951 momenti,

141 954 224 1031 nibil
237 960 318 1028 mihi
335 961 416 1030 facit
440 960 641 1043 mirationis,
666 959 696 1027 si
709 957 846 1047 quidem
860 960 916 1028 ille
931 959 965 1026 in
979 957 1179 1050 exponenda
1194 959 1258 1028 Ci-

142 1063 272 1133 ceronis
289 1063 357 1131 vita
377 1062 466 1133 civili
480 1087 521 1132 ac
536 1063 675 1156 publica
693 1062 838 1131 maxime
856 1070 990 1131 secutus
1014 1071 1065 1130 est
1081 1060 1204 1131 ducem
1223 1072 1259 1131 et

142 1176 314 1236 auctorem
330 1165 389 1237 Mc
405 1167 557 1236 Tullium
582 1167 712 1258 ipsum:
752 1187 841 1254 qnae
861 1165 950 1234 enirn
970 1163 1105 1255 subjicit
1126 1162 1172 1233 de
1192 1165 1258 1233 isto

135 1269 285 1362 jndicio,
299 1268 394 1360 quod
408 1269 564 1339 Ciceroni
578 1268 672 1361 apud
685 1269 854 1362 populum
867 1287 999 1337 summo
1011 1267 1114 1335 luerit
1126 1266 1258 1357 honori,

143 1373 215 1462 quis
229 1380 297 1458 est,
323 1372 404 1463 quin
424 1373 554 1460 uideat,
578 1372 698 1441 hausta
717 1393 758 1439 ea
779 1394 853 1440 esse
876 1392 919 1440 ex
941 1370 1039 1463 epist
1061 1368 1099 1443 4.
1115 1370 1209 1439 Libr.
1230 1371 1259 1447 l.

71 1464 75 1475 ’
141 1475 187 1543 ad
205 1475 372 1562 Atticum,
397 1476 450 1543 cui
464 1476 662 1567 scripserat,
685 1473 872 1543 incredibili
896 1496 934 1543 se
955 1473 1075 1565 populi
1088 1473 1261 1543 voluntate

142 1577 187 1646 de
200 1575 322 1645 Macro
337 1579 539 1669 transegisse
552 1586 586 1647 et
602 1576 669 1645 hac
682 1600 800 1646 caussa
815 1577 982 1669 insignem
995 1575 1170 1666 aequitatis
1182 1577 1261 1654 lau-

141 1679 221 1749 dem
242 1679 383 1772 cepisse.
434 1681 549 1770 Atque
569 1703 672 1770 quum
696 1680 816 1750 Cicero
837 1680 912 1771 ipse
928 1676 969 1747 Ο.
991 1677 1158 1747 Licinium
1176 1676 1259 1745 Ma·
1334 1720 1336 1725 .

141 1804 256 1869 crum,
279 1782 383 1851 Attici
397 1783 550 1869 nomine,
576 1783 631 1875 six
644 1781 786 1874 dignum
802 1780 999 1867 censuisset,
1025 1801 1128 1869 quem
1144 1781 1180 1848 in
1191 1780 1259 1847 Hi-

63 1938 68 1945 .
142 1885 342 1954 storicorum
363 1907 503 1953 numero
518 1895 718 1977 reponeret,
745 1895 779 1953 et
795 1906 901 1974 quum
915 1883 985 1950 vita
1006 1880 1078 1974 ejus
1095 1905 1136 1949 ac
1152 1883 1258 1949 mori-

141 1987 223 2070 bus,
249 2009 318 2075 quo
334 1986 416 2054 mihi
430 1987 545 2057 videor
560 1988 653 2055 omni
665 1987 747 2082 jure
762 1987 891 2077 referre
907 1986 1084 2077 peculatus
1098 1995 1133 2053 et
1154 2008 1258 2077 repe-

62 2162 64 2171 ,
140 2087 321 2159 tundarum
342 2091 495 2176 crimen,
517 2112 652 2159 omnem
673 2091 799 2183 ingenii
819 2088 1143 2157 commendationem
1161 2111 1259 2157 ever-

140 2213 213 2260 sam
227 2212 300 2260 esse
315 2191 353 2261 in
367 2192 476 2263 Bruto
496 2194 699 2285 scripsisset,
725 2192 808 2283 qnid
830 2192 971 2275 rubum,
997 2192 1025 2259 si
1048 2190 1258 2276 Plutarchus,

139 2294 275 2365 totusin
297 2293 364 2363 bac
388 2295 708 2373 caussareferenda
725 2294 877 2388 pendens
892 2317 915 2363 a
929 2292 1099 2365 Ciceronis
1116 2294 1258 2386 judicio,
1310 2331 1313 2336 ·

139 2405 266 2466 taceret
280 2395 325 2465 de
339 2397 424 2467 illius
437 2399 573 2491 ingenio
590 2397 831 2489 doctrinaeque
848 2395 967 2483 laude,
993 2419 1062 2487 qua
1075 2420 1153 2465 eum
1164 2395 1259 2471 hand

26 2504 30 2515 '
139 2499 314 2592 indignum
327 2500 568 2570 fuisseCicerc
584 2502 641 2570 vel
661 2501 780 2570 invitus
796 2508 987 2586 attestatur,
1012 2500 1141 2592 qnippe
1162 2499 1258 2591 cujus

139 2602 348 2694 diligentiam
366 2601 508 2690 laudat,
526 2604 580 2672 cni
598 2605 633 2672 ln
645 2603 851 2672 inveniendis
871 2602 1182 2694 componendisque
1201 2625 1257 2669 re-

137 2704 202 2774 bus
222 2715 291 2773 tam
312 2706 430 2776 miram
446 2706 562 2777 tribuit
574 2707 839 2793 accurationem,
863 2714 903 2775 nt
921 2727 998 2774 non·
1010 2706 1110 2787 facile
1133 2707 1168 2773 in
1189 2706 1258 2773 ullo

139 2809 338 2898 cognoverit
353 2808 600 2902 diligentiorem
616 2833 658 2878 ac
672 2808 855 2904 majorem,
887 2815 923 2876 et
935 2800 1038 2898 quem
1056 2810 1092 2877 in
1112 2809 1257 2901 publicis

140 2911 248 2978 causis
264 2912 446 3002 probatum
464 2913 567 2983 fuisse
582 2921 684 3003 atque
698 2914 733 2981 in
749 2912 886 3006 privatis
896 2911 1063 2980 illustrem
1084 2912 1172 2980 adeo
1193 2912 1259 2979 ob-

136 3013 274 3083 tinuisse
287 2998 402 3085 iocum
416 3015 557 3083 fatetur„
585 3016 746 3101 (laetere,
773 3037 861 3105 quae
870 3012 1001 3083 ibidem
1013 3013 1058 3083 de
1074 3013 1113 3083 C.
1127 3015 1259 3083 Licinio

61 3170 65 3174 .
138 3114 261 3185 Macro
283 3116 409 3210 scripta
425 3118 601 3211 leguntur,
631 3126 789 3187 testatum
812 3118 957 3199 faciunt,
975 3126 1028 3186 ‘ut
1056 3140 1160 3208 supra
1180 3116 1259 3203 dn,

138 3217 286 3289 anianum
298 3220 436 3288 vnlnere
451 3220 601 3309 quodam
615 3221 851 3289 exulceratum.
891 3219 992 3289 Enim
1005 3243 1087 3288 vero
1104 3219 1259 3289 Ciceroni

138 3321 230 3408 seni,
257 3344 361 3413 quem
385 3321 428 3391 de
448 3322 600 3415 Legibus
623 3323 724 3419 etde
746 3323 842 3392 claris
865 3320 1064 3392 Oratoribus
1086 3323 1258 3409 scriberet,

136 3446 261 3494 nomen
277 3433 312 3493 et
330 3425 493 3495 memoria
509 3424 550 3494 0.
565 3425 686 3495 Licinii
700 3424 811 3495 Macri
830 3448 943 3515 neque
957 3437 1056 3518 grata
1075 3422 1169 3513 esse,
1194 3448 1258 3493 ne-

137 3548 215 3616 que.
225 3526 325 3597 laude
340 3551 381 3599 ac
399 3527 582 3625 praeconio
603 3527 708 3623 digua
723 3538 858 3621 poterat
873 3528 997 3616 videri,
1020 3532 1177 3620 quoniam
1196 3528 1259 3595 ista

143 3629 189 3699 de
210 3627 350 3718 Macro,
391 3630 656 3723 repetundarum
683 3654 761 3719 reo,
794 3633 888 3701 actio
916 3654 1085 3726 prospero
1107 3637 1259 3703 caruerat

138 3741 277 3820 eventu,
303 3740 451 3805 etcausa
463 3735 574 3806 fuerat
594 3744 629 3803 et
640 3735 717 3803 fons
737 3735 910 3807 simultatis
923 3736 1178 3828 multarumque·
1193 3733 1260 3801 ini-

137 3835 353 3921 micitiarum,
380 3860 464 3928 quas
478 3838 523 3906 ab
541 3859 583 3909 eo
597 3837 676 3909 inde
691 3846 847 3934 tempore
863 3851 940 3909 curu
960 3839 1033 3937 ejus
1055 3839 1125 3907 filio
1140 3836 1260 3958 QLi-

118 3994 120 3999 .
139 3938 225 4008 cinio
240 3937 366 4025 calvo,
392 3940 574 4011 clarissimo
590 3949 741 4028 oratore,
767 3950 969 4034 susceperat
1001 3939 1107 4038 Cujus
1121 3939 1261 4033 quidem

136 4041 186 4111 rei
206 4043 299 4114 testis
325 4050 378 4108 est
396 4043 509 4118 Valer.
527 4043 695 4116 Maximus
718 4044 794 4117 Lib.
817 4045 877 4116 lx.
900 4067 975 4136 cap.
997 4041 1058 4113 12.
1083 4067 1116 4112 n.
1139 4043 1174 4111 Ἰ.
1201 4042 1260 4132 qui
1340 4129 1342 4132 Α

135 4142 223 4216 baec
243 4143 425 4215 memoriae
440 4147 608 4241 prodidit:
638 4146 819 4219 casinatis
841 4149 975 4241 impetn
994 4147 1118 4216 mostis
1137 4145 1180 4216 C.
1195 4147 1260 4213 L.-

137 4246 248 4315 cinias
267 4246 415 4330 Macen,
443 4249 500 4317 cir
514 4249 742 4336 Praetorius,
772 4250 877 4321 Calui
885 4256 1013 4343 poter,
1039 4249 1259 4344 repetunda-
