2768 4838
125 250 204 325 424
321 270 371 325 aa
394 272 543 323 masaa
565 270 759 323 masas
781 226 1034 325 manasseri.

29 498 33 504 .
176 428 347 501 Pastillos
362 426 524 524 Rufillus
537 428 625 515 olet,
656 424 865 522 Gorgonius
877 425 1027 498 bircam

176 531 241 603 Ml
265 531 423 600 medinm
448 538 509 600 cst.
1093 592 1100 609 ,

125 634 182 704 En
205 635 344 704 illustria
364 633 534 723 quaedam
558 634 730 726 exempla,
763 654 852 722 quae
871 631 1121 719 demonstrent,
1148 652 1258 721 quon

126 737 259 807 dissona
280 737 345 806 sint
363 735 536 804 hominum
559 736 685 823 sardia,
710 737 816 826 iisque
830 758 933 825 quam
949 734 1043 804 multi
1064 732 1256 803 nansvcra

126 842 185 933 agi
208 840 340 908 soleant
368 861 432 908 aec
453 839 603 908 medium
623 849 738 908 tenere
769 839 884 907 sciant.
951 840 1040 907 Hinc
1060 838 1188 907 transit
1210 835 1254 905 ad

127 942 363 1035 exagitandam
391 943 580 1032 aequalium
616 940 807 1010 discordem
838 940 941 1008 veluti
967 941 1191 1009 concordiam
1220 940 1253 1009 iu

126 1046 295 1114 amoribus
311 1044 548 1134 adulteriisque
567 1045 711 1113 maxime
733 1044 965 1135 conspicuam,
990 1066 1137 1134 quoram
1160 1042 1253 1113 infa-

124 1149 193 1218 nria
213 1169 258 1216 ne
281 1147 392 1238 ipsum
412 1146 549 1237 quidem
563 1145 785 1216 Octavianum
807 1147 865 1213 illo
885 1154 1039 1238 tempore
1060 1147 1253 1215 immunem

125 1251 243 1336 fuisse,
268 1248 408 1319 historia
428 1250 538 1319 docet
596 1250 635 1318 ln
656 1249 745 1317 hanc
769 1271 849 1318 suae
878 1249 994 1318 aetatis
1017 1250 1252 1341 corruptelam

124 1353 292 1423 invehitur
316 1361 408 1421 tanta
429 1352 706 1442 cnmslibertatm
743 1362 782 1421 ut
804 1354 928 1420 nemini
948 1361 1066 1444 parcat
1088 1352 1253 1443 adeoque

124 1455 278 1527 homiues
292 1455 386 1524 vivos
402 1455 514 1523 adhuc
530 1465 565 1524 ct
582 1454 759 1524 Octaviani
773 1457 883 1548 gratia
901 1466 936 1526 et
956 1455 1100 1524 amicitia
1113 1456 1252 1525 floreu-

124 1568 176 1629 tes
190 1558 325 1628 directb
339 1559 527 1626 nominibus
542 1559 687 1650 sugillet.

229 1661 327 1730 Haec
338 1660 488 1752 prudeus
502 1659 683 1751 disputavi,
709 1682 778 1751 quo
792 1661 902 1754 magis
921 1658 1013 1752 ejus,
1039 1681 1145 1749 quem
1173 1682 1252 1729 cnm

125 1764 270 1834 martinse
283 1773 485 1850 tractamus,
510 1763 578 1832 loci
595 1765 644 1833 ris
665 1764 839 1833 sentiretur
859 1765 1103 1853 consiliumque
1121 1774 1252 1855 poetae

126 1868 385 1960 perspiceretur.
435 1867 538 1935 Hunc
558 1866 690 1953 locum,
715 1877 753 1935 ut
769 1865 845 1959 jam
862 1867 1045 1935 Lambinus
1063 1865 1251 1958 adnotavit,

57 1980 59 1985 '
126 1970 257 2062 profert
270 1969 370 2036 etiam
385 1969 517 2038 Seneca
532 1968 638 2060 Epist
653 1967 714 2037 86.
730 1964 765 2063 §.
783 1969 842 2037 12.
869 1968 1173 2061 „Descriptnrns,
1197 1968 1251 2039 ia·

127 2073 217 2162 quit,
244 2069 415 2158 infamem
431 2077 464 2139 et
476 2071 581 2139 nimis
593 2070 782 2140 notabilem
798 2072 936 2141 deliciis
950 2069 1252 2143 HoratiusFloo·

127 2196 207 2259 cns,
247 2173 336 2265 quid
356 2169 436 2243 ait?
475 2173 629 2242 Pastillos
654 2174 799 2243 Rufillus
820 2175 889 2242 olet
918 2213 964 2227 -
998 2172 1123 2243 Dares
1155 2195 1251 2245 mssa

126 2274 322 2373 Rufinum,
341 2276 498 2371 perinde
514 2283 603 2345 esset
616 2298 662 2347 ac
676 2278 711 2347 'si
731 2276 869 2346 bircmn
883 2279 993 2373 oleret
1014 2283 1049 2345 et
1067 2276 1253 2369 Gargonii

127 2380 206 2451 loco
220 2387 327 2470 essct,
352 2403 457 2472 quem
477 2379 574 2449 idem
587 2379 762 2449 Horatius
782 2382 953 2472 opposuit.
963 2382 985 2424 ‘⁶
1018 2379 1077 2448 ubi
1096 2380 1252 2451 numo-

126 2485 216 2575 pllus
230 2506 345 2552 omnes
362 2482 506 2552 Codices
519 2483 554 2549 in
566 2483 701 2550 nomiae
723 2481 900 2575 Gorgonis·
915 2482 1106 2574 conspirare
1121 2482 1190 2581 sit:
1214 2481 1252 2553 id

129 2584 223 2676 qnod
245 2584 369 2654 XVllL
394 2584 563 2655 Codicum
589 2585 824 2654 vaticanorum
846 2588 1041 2654 auctoritate
1070 2586 1253 2657 confirmat

129 2688 231 2756 etiam
243 2686 315 2755 Fen
328 2686 373 2755 ad
392 2686 509 2756 Horat
525 2686 561 2755 b.
578 2686 613 2776 l,
638 2697 673 2757 et
688 2688 888 2781 scripturam
909 2688 1116 2782 Gorgonius
1130 2698 1252 2759 contra

6 2834 12 2849 ι
125 2788 322 2882 Bentlejum
346 2788 526 2860 defendit·
560 2790 594 2860 ls
616 2791 709 2860 enim·
723 2814 766 2860 ex
786 2791 963 2861 Pulmanni
984 2793 1119 2881 suisque
1138 2790 1252 2871 Cocli-

128 2893 223 2962 cibus
242 2892 338 2962 dedit
354 2892 581 2986 Gorgonius,
600 2895 767 2983 ¹quoniam
777 2893 846 2962 boc
859 2896 901 2963 sit
916 2918 1040 2964 nomeu
1053 2895 1253 2965 Muranum

128 3005 163 3065 et
182 3007 307 3065 nomen
332 2995 564 3104 Gorgonius,
590 2990 666 3070 eiad
690 2996 755 3093 τῆς
778 2989 962 3091 Γοργόνος
987 3004 1105 3089 aperte
1135 2995 1253 3068 dedu-

128 3107 231 3185 ctum,
248 3098 431 3168 secundam
450 3100 616 3190 syllabam
631 3101 802 3193 corripere
818 3099 980 3168 debuerit.
1021 3101 1083 3168 His
1104 3101 1250 3171 rationi-

126 3202 192 3271 bus
204 3200 361 3270 inductus
377 3203 478 3271 etiam
489 3202 632 3272 Bothius
648 3203 683 3271 ia
697 3202 869 3272 Adnotatt
885 3202 930 3271 ad
945 3194 1038 3272 Fene
1051 3202 1142 3271 Edit
1159 3227 1198 3296 p.
1213 3201 1249 3275 Ἰ.

127 3306 173 3374 ab
194 3303 325 3374 editore
347 3304 431 3373 ltalo
451 3304 693 3375 discedendum
716 3313 752 3375 et
765 3305 922 3398 Bentlejo
942 3306 1253 3398 obtemperandum

129 3416 254 3480 censet.
307 3407 379 3476 Sed
393 3406 475 3477 nihil
490 3414 527 3477 ut
544 3408 654 3477 dicam
669 3432 772 3500 quam
791 3409 920 3477 incerta
934 3409 975 3477 sit
998 3410 1084 3477 illius
1105 3409 1252 3481 nominis

127 3510 305 3603 originatio
320 3509 471 3598 Graeca,
485 3512 560 3603 ipse
574 3510 748 3603 Bentlejus
767 3511 811 3580 ad
824 3512 921 3582 Libe,
933 3511 992 3581 lll.
1007 3509 1075 3579 od
1091 3506 1153 3581 25.
1171 3510 1252 3585 πθ.

128 3611 264 3701 docuit,
296 3622 456 3702 quantam
477 3622 602 3706 poetae
623 3614 734 3684 Latini
755 3614 791 3684 in
815 3614 1014 3683 Nominibus
1035 3615 1183 3707 propriis
1206 3614 1253 3687 de

129 3713 265 3786 Graeco
279 3715 374 3787 fonte
387 3716 544 3788 derivatis
556 3716 826 3789 sibiiudulserint
834 3716 853 3766 ²
861 3717 914 3812 ὅ).
927 3716 1070 3787 Gradm
1086 3726 1141 3788 est
1153 3719 1253 3811 illud,

196 3976 246 4048 25)
270 3978 405 4047 Bsntlelas
419 3980 439 4037 Ι.
457 3999 480 4038 c.
498 3982 613 4076 disputat
629 3978 663 4039 di
686 3984 801 4052 Edonis,
826 3983 960 4040 'l'braclaa
983 3984 1100 4055 populo,
1124 3984 1173 4054 qai
1192 4002 1254 4043 eoa-

127 4049 226 4133 slauter
241 4065 259 4103 a
276 4049 384 4105 Graecis
400 4051 523 4107 dicantur
537 4052 664 4120 ,Hduroi
697 4055 789 4109 Nihilo
812 4061 901 4110 tamm
925 4055 1009 4110 sedas
1032 4056 1168 4124 syllabam
1195 4074 1255 4112 ιιιο-

34 4122 37 4133 “
127 4116 200 4202 mam
216 4134 243 4169 rn
260 4134 287 4169 n.
305 4119 420 4184 lidonis,
443 4117 578 4189 Ἠδωνὶς,
602 4123 784 4192 corripuerant
802 4126 923 4181 mosam
946 4124 1018 4179 libr.
1035 4125 1058 4179 1.
1074 4123 1137 4180 dib.
1161 4130 1193 4180 ot
1210 4126 1255 4182 Si-

127 4186 179 4240 bur
192 4186 299 4240 ltalicnr
314 4187 387 4241 libr.
403 4189 447 4243 ll'.
464 4190 524 4245 ΠΒ.
554 4191 645 4247 Utrlar
663 4210 697 4246 us
713 4194 869 4249 aumodteto
884 4194 1005 4259 Bentlejo
1029 4193 1133 4248 videtur
1149 4194 1255 4253 ladam

79 4286 87 4301 ι
127 4255 537 4331 manutenuerunt.
561 4211 1256 4324 sn.l1nrot=nosunassssumm
