2768 4838
442 307 503 357 nn
535 307 739 361 brenno
779 307 960 359 ronne.
1221 281 1275 359 55

144 454 430 526 Levionoedidit
459 502 463 507 -
480 456 572 527 Lien
595 457 717 527 eCod
738 456 888 550 Guelplu
906 454 1094 528 Ναωὶαπο
1119 466 1154 529 et
1175 457 1273 531 Neo

138 559 322 653 aalgestin
342 560 497 629 enotavit
574 560 708 629 Eadem
735 560 842 630 habet
869 561 998 631 Nonius
1027 584 1053 629 s.
1075 582 1108 632 v.
1131 559 1270 641 obesum

138 662 174 756 p.
190 661 279 750 391,
293 660 352 730 ld.
366 662 462 752 (edit
476 662 580 733 Puris.
597 663 723 757 llil-l.)
749 665 918 751 „Naevius
938 665 973 733 in
988 664 1151 736 carmine:
1179 664 1269 735 Cor*
1320 722 1324 727 .

135 761 230 860 pore
238 772 454 858 pectoreque
468 767 623 860 undique
639 767 743 836 obeso
761 775 939 838 comente
956 788 1125 854 ersemo,
1150 760 1269 841 amat-

137 871 271 962 genulo
293 869 407 956 senio,
447 869 533 956 sive,
572 880 610 936 ut
628 871 663 939 in
683 871 782 960 antiq.
811 870 906 938 Libr.
936 869 1099 960 scriptum
1126 879 1195 939 est:
1217 906 1268 925 ·-

138 971 243 1052 obeso
266 992 312 1040 ac
333 971 458 1039 merito
477 994 581 1040 exeso
603 973 704 1041 tardi
725 973 869 1064 ingenio
889 972 1014 1042 senis.“
1066 972 1148 1041 dam
1168 970 1267 1041 Mer-

139 1097 235 1144 ccrus
249 1095 285 1165 p.
302 1069 378 1145 185
391 1074 483 1159 vidit,
503 1075 652 1167 Nonium
665 1098 726 1143 sua
739 1075 887 1143 hausisse
902 1097 944 1143 ex
961 1072 1092 1162 Gellio,
1112 1097 1154 1144 ex
1169 1075 1265 1168 cnjus

137 1187 222 1269 optt
238 1176 349 1246 Codd.
371 1199 440 1244 non
453 1175 627 1275 Naevius,
655 1177 715 1247 sed
732 1177 883 1246 Laevius
905 1178 941 1245 in
962 1175 1129 1247 Carmine
1143 1178 1265 1271 legen-

43 1324 46 1337 ·
137 1280 221 1348 dum
234 1303 308 1349 esse
321 1289 445 1348 monet
498 1279 603 1365 Quod
621 1281 749 1348 Nonius
764 1280 895 1372 scripsit
916 1280 953 1348 in
973 1277 1158 1358 Carmine,
1185 1280 1265 1349 inde

137 1384 267 1451 facturn
285 1391 399 1473 putat,
425 1382 520 1472 qnod
540 1383 693 1463 librarius
715 1383 916 1475 spectnverit
936 1380 1042 1449 verba
1056 1381 1174 1451 Gellii:
1206 1383 1263 1457 in·

136 1486 289 1577 signiter
313 1485 490 1554 mamm
510 1485 741 1554 inLneviano
757 1485 819 1555 illo
833 1484 1002 1554 carmine.
1052 1484 1126 1561 Sed
1147 1482 1262 1555 Osan-

136 1611 198 1656 nns
220 1587 368 1666 indual
384 1585 466 1655 Crit.
487 1610 523 1678 p.
546 1585 599 1674 8.,
625 1587 670 1656 de
690 1589 829 1656 caeteris
849 1584 1011 1656 Mercero
1029 1586 1261 1678 ndstipnlatus,

137 1713 217 1759 enm
228 1688 462 1781 reprehendit,
487 1689 582 1779 quod
594 1699 674 1759 vett.
690 1691 783 1759 editt
796 1691 975 1759 lectionem
987 1684 1172 1758 Alcestide
1184 1698 1261 1758 ante

35 1824 38 1831 ·
135 1817 169 1862 v.
184 1793 343 1862 carmine
356 1792 530 1883 expulerit,
553 1793 673 1883 etipse
690 1794 836 1861 aNonio
853 1793 1014 1882 scriptum
1032 1815 1105 1861 esse
1128 1800 1261 1861 censete

53 1926 55 1931 ·
134 1894 524 1965 LaeviusinAlcestide
533 1896 700 1964 carmine.
726 1894 1037 1986 Quidquidejnsrei
1050 1903 1112 1984 est,
1126 1895 1260 1963 rectein

137 1999 250 2067 Gellio
263 1999 367 2067 hodie
381 1998 490 2068 editur
503 1999 628 2067 Laevii
640 2020 774 2085 nomen,
794 1997 897 2087 idque
910 2005 1082 2066 attestatur
1097 1995 1257 2068 exCodd.

137 2102 220 2171 Mss.
228 2101 302 2171 dos.
309 2102 463 2194 Scaliger
469 2100 514 2168 ad
521 2102 661 2170 Ausonii
668 2101 764 2170 Cent
772 2103 876 2192 Nupt.
883 2125 918 2192 p.
926 2095 1013 2170 515.
1020 2101 1074 2169 ed.
1081 2099 1172 2168 Toll
1185 2098 1260 2187 Sed

137 2214 250 2273 nmen
267 2206 414 2274 Nonium
434 2213 567 2273 secutus
586 2204 632 2273 ll
650 2204 844 2295 Stephanus
863 2205 898 2272 in
924 2202 1064 2295 Fragm.
1083 2203 1123 2271 P.
1149 2201 1191 2270 V.
1214 2194 1262 2271 L.
1298 2240 1302 2245 ·

132 2332 171 2401 p.
186 2306 272 2377 218.
285 2307 371 2376 baec
384 2308 489 2376 verba
501 2307 630 2377 Naevio
642 2307 789 2377 attribuit
799 2308 845 2375 ita
859 2306 998 2398 scripta:
1018 2342 1068 2359 -
1083 2326 1130 2374 ae
1143 2311 1260 2374 merite

135 2430 311 2495 exsensa,
328 2410 560 2503 tardigenalo
572 2411 668 2479 senio
685 2417 908 2504 oppressum,
930 2408 1017 2498 qnae
1038 2402 1130 2476 hand
1151 2407 1262 2475 dubie·

134 2538 179 2583 ex
191 2515 294 2583 Gellii
309 2513 420 2583 Codd
435 2523 587 2583 correcta
607 2524 641 2583 et
661 2515 818 2606 suppleta
837 2522 922 2581 sunt.
973 2510 1107 2579 Eodem
1124 2511 1255 2587 Naevio

133 2617 315 2710 adscripsit
326 2617 365 2685 P.
383 2617 567 2686 Scriverius
586 2618 622 2685 in
635 2615 776 2686 collect
788 2640 824 2709 p.
838 2614 900 2684 39.
913 2615 961 2684 sic
974 2613 1153 2707 disposita:
1251 2612 1254 2617 ’

293 2719 452 2813 Corpore
471 2727 685 2814 pectoreque
693 2782 701 2807 .,
708 2719 864 2813 undique
887 2717 1003 2806 obeso,

212 2866 217 2891 .
287 2823 346 2892 Ac
370 2830 486 2892 mente
510 2845 677 2919 exsensa,
700 2821 947 2917 tardigemolo

72 2975 79 2981 -
290 2925 396 2996 Senio
421 2948 647 3018 oppressam,⁸
697 2982 700 2987 .
743 2978 746 2983 .
870 2948 875 2959 ·

133 3029 196 3099 nbi
210 3026 256 3102 G.
269 3028 297 3098 l.
318 3028 455 3099 Vossius
474 3029 510 3097 in
523 3030 650 3121 Castig.
668 3052 704 3122 p.
727 3025 788 3097 62.
807 3049 873 3119 pro
891 3025 984 3117 vulg.
1008 3019 1255 3117 tardigemulo

135 3134 282 3202 correxit
292 3130 539 3225 tardigenulo,
566 3132 677 3221 quod,
695 3130 772 3223 jam
796 3133 840 3199 nb
860 3129 905 3198 H.
928 3125 1103 3218 Stephano
1118 3125 1256 3208 editum,

132 3237 277 3305 Homeri
302 3235 396 3305 llied.
417 3235 474 3305 lv.
496 3234 583 3304 313.
614 3244 648 3305 et
667 3235 785 3326 Virgil.
806 3235 891 3302 Aen.
919 3232 960 3300 V.
979 3228 1067 3300 431.
1101 3227 1255 3312 firmavit,

134 3340 231 3427 siret
246 3342 286 3409 nt
306 3362 422 3407 sersus
444 3347 532 3408 esset
552 3339 779 3432 anapaesticus
801 3337 886 3428 (ἓ),
915 3333 1083 3426 tardique
1103 3329 1256 3423 gerulo.-

135 3442 232 3535 cujus
252 3442 385 3512 'l'mesis
406 3442 560 3532 exempla
579 3442 717 3534 protulit
736 3440 839 3509 lmec:
864 3438 1012 3511 Lucilius
1033 3457 1088 3526 ap.
1109 3433 1257 3501 Nonium

36 3534 41 3540 ¹
133 3571 170 3639 p.
187 3544 276 3630 loo,
307 3543 365 3613 19.
429 3545 591 3628 illuvies,
622 3543 761 3613 scabies
783 3539 1023 3627 oculosbaic,
1056 3536 1171 3627 deque
1188 3555 1289 3628 pe.

133 3651 235 3742 liges
258 3648 435 3718 Lucretius
441 3649 516 3716 Lib.
530 3649 558 3716 L
571 3641 658 3716 453.
673 3647 768 3739 qnod
780 3665 972 3736 rmmqoam
984 3643 1060 3710 eme
1066 3637 1259 3733 perniciali

134 3751 402 3844 Diseidiopotis
421 3758 472 3820 est
486 3747 644 3843 seiungi,
669 3772 775 3842 seque
798 3747 976 3843 gregaria
998 3743 1096 3814 Idem
1117 3742 1194 3809 Lib.
1214 3739 1257 3809 ll.
1299 3814 1311 3830 .

135 3853 224 3925 391.
276 3852 351 3925 Aut
364 3855 488 3948 magis
502 3854 658 3923 hamatis
670 3854 761 3923 inter
772 3870 958 3944 seperare
965 3847 1132 3941 plicam,-
1157 3854 1259 3935 quem

134 3958 476 4052 praetereaexcitavit
487 3958 626 4027 Vossius
641 3957 755 4027 locum
763 3955 903 4024 Ausonii
918 3948 1110 4021 deMortib.
1120 3946 1273 4043 Caesam

134 4060 238 4150 vall„
251 4063 293 4138 ,is
312 4063 449 4151 pitiosus
464 4071 532 4148 est,
563 4069 602 4129 ut
622 4059 770 4128 docuere
789 4059 903 4149 lntpps
922 4080 958 4148 p
980 4052 1067 4121 217.
1090 4048 1145 4118 ed.
1167 4048 1257 4117 Toll.

124 4164 463 4259 „Atinsoppedinbit
482 4164 711 4233 Ruddimann.
732 4163 812 4231 lnst.
834 4162 895 4229 Gr.
916 4159 960 4228 Τ.
979 4156 1022 4226 IL
1042 4179 1079 4248 p.
1100 4146 1186 4220 395.
1210 4151 1259 4218 St.

99 4310 102 4315 ·
124 4268 267 4359 'Verum
278 4279 393 4341 brnen
411 4277 530 4339 neutra
544 4290 632 4363 opus
645 4275 713 4356 est,
743 4275 783 4353 ut
797 4263 1002 4357 ridebimus,
1028 4253 1262 4362 emendatione
