2768 4838
419 289 478 336 DE
518 288 723 337 MEVIO
763 283 948 339 POETA.

123 442 228 513 ‹liisoe
255 440 465 512 accensenda
483 441 549 512 sint
566 440 614 511 'an
638 441 852 533 Comoediis,
883 442 991 514 multo
1014 448 1065 513 est
1085 438 1251 510 verisimi-

125 549 204 633 lius,
233 544 479 615 Laevianorum
492 544 773 641 Erotopaegnion
793 547 883 618 hauc
903 548 1006 616 luisse
1025 545 1191 614 rationem
1211 564 1252 611 ac

35 660 39 669 '
126 648 229 718 veluti
243 647 523 741 descriptionem,
546 657 587 719 ut
607 650 756 747 singulus
776 651 919 743 quisque
932 649 1018 719 illius
1039 646 1152 741 operis
1166 647 1254 714 liber

126 751 294 844 Syllognn
308 750 502 821 breviorum
517 753 800 842 complecteretur
819 761 1032 847 poematum,
1058 772 1146 839 quae
1159 748 1252 817 Lae-
1278 768 1286 811 ι

127 855 199 924 vius
225 855 318 946 ipse,
350 876 411 923 seu
429 877 544 925 rerum
567 863 787 926 tractatamm
813 878 873 925 eeu
895 876 1110 925 numerorum
1135 851 1254 920 habita

126 957 274 1043 ratione,
299 957 335 1026 in
350 958 446 1027 unius
464 955 614 1049 corporis
631 959 781 1057 speciem
802 958 980 1051 conjuncta
998 954 1101 1025 Libri
1119 953 1254 1023 nomine

94 1064 97 1077 '
127 1062 163 1130 in
180 1060 293 1129 lucem
316 1058 467 1130 ediderit
486 1103 490 1113 ·
520 1060 774 1132 Nam‘Romaui
793 1062 880 1131 sicut
903 1082 989 1152 opus
1005 1058 1195 1151 poeticum,
1220 1055 1256 1125 iu
1296 1111 1300 1117 .

129 1183 199 1255 quo
221 1169 309 1232 esset
332 1163 429 1235 unius
452 1152 674 1255 ejusdemque
697 1164 886 1258 argruoenti
906 1161 1134 1257 perpetuitas,
1168 1158 1255 1227 emi-

9 1346 12 1353 ,
60 1338 64 1343 ,
129 1264 274 1334 nentiori
297 1287 396 1335 sensu
423 1286 570 1336 cutmen
600 1269 774 1361 appellare
798 1274 1057 1352 consueverant,
1094 1271 1134 1332 ut
1155 1258 1256 1329 Mar-

130 1367 216 1437 tialis
238 1366 317 1437 Lib.
343 1364 623 1462 xlv.ep.1un.
647 1370 693 1439 de
722 1368 838 1440 Ovidii
864 1365 1191 1459 Metamorphoseon
1220 1364 1256 1431 iu

130 1469 334 1540 membranis
351 1491 473 1563 opere:
487 1468 604 1553 ,fiaes
624 1471 706 1558 tibi,
729 1470 917 1565 multiplici
938 1466 1032 1563 quae
1045 1472 1189 1569 struma·
1203 1472 1257 1535 est

130 1594 254 1649 musra
269 1570 423 1657 tabella,
454 1571 627 1642 Carmina
640 1571 796 1645 Nasonis
809 1574 959 1666 quinque
976 1573 1168 1663 decemque
1186 1589 1259 1661 ge·
1280 1640 1284 1651 .

82 1747 87 1753 ,
131 1675 200 1745 rit:
225 1674 319 1765 quod
333 1696 420 1767 opus
437 1674 512 1768 ipse
526 1675 754 1747 Sulmonensis
770 1686 873 1769 poeta
882 1682 1097 1768 perpetuum
1111 1692 1268 1761 carmen¹

131 1776 379 1861 nominaverat3
410 1776 458 1845 ita
488 1776 697 1848 diversorum
722 1779 826 1871 idque
850 1778 1042 1848 breviorum
1061 1784 1257 1869 poematum

55 1962 58 1975 Ι
134 1880 367 1950 collectionem
381 1878 451 1951 sive
464 1903 588 1972 corpus
603 1881 704 1951 Libri
719 1884 854 1951 nomine
866 1880 1114 1975 insigniveruut.
1165 1878 1258 1946 Hinc

90 2020 98 2035 ·
132 1983 293 2052 Horatius
318 1982 362 2050 de
385 1982 593 2076 undeviginti
613 1984 659 2052 ad
679 1985 827 2054 diversos
846 1985 1000 2054 homines
1015 1981 1163 2074 epistolis
1172 1978 1259 2073 jun-

134 2086 216 2154 otim
230 2084 325 2154 editis
338 2085 447 2176 Epist.
461 2086 539 2157 Lib.
562 2087 589 2155 L
609 2086 671 2175 2⁰,
692 2088 727 2175 l,
753 2089 903 2180 scripsit:
942 2086 1170 2155 Vertumnum
1187 2081 1259 2152 Ja-

132 2200 301 2281 numque,
333 2187 461 2274 Liber,
501 2197 667 2282 spectare
694 2192 847 2274 uideris,
880 2188 1025 2260 Scilicet
1053 2195 1093 2257 ut
1116 2192 1261 2280 prostes
1297 2198 1300 2207 ·

134 2290 316 2363 Sosiorum
332 2291 476 2385 pumice
494 2293 659 2370 mundus.
713 2294 758 2365 cf.
779 2294 919 2363 Passow
945 2291 990 2360 ad
1011 2292 1120 2360 Persii
1140 2290 1211 2359 Sat
1231 2288 1259 2357 l.

131 2417 169 2488 p.
185 2392 262 2464 188
282 2416 333 2484 sq.
347 2403 382 2463 et
396 2395 574 2464 Santenius
588 2395 634 2463 ad
655 2397 848 2466 Terentiam
865 2394 918 2464 M.
933 2417 965 2465 v.
982 2392 1094 2462 1983.
1120 2417 1156 2486 p.
1171 2390 1259 2463 333.

133 2498 264 2567 Passim
284 2518 429 2569 cutmen
453 2497 488 2566 iu
514 2499 629 2591 specie
651 2499 695 2570 de
715 2499 848 2591 lyricis,
881 2506 920 2571 ut
940 2497 1061 2569 Horat
1083 2496 1193 2590 Epist.
1215 2494 1260 2570 ll

132 2598 168 2668 2.
189 2621 222 2670 v.
244 2595 306 2667 59.
967 2666 971 2674 .

236 2701 318 2772 dam
336 2702 400 2771 illis
413 2700 692 2797 Erotopaegnion
705 2701 901 2795 poematiis,
925 2699 960 2769 in
982 2723 1051 2769 uno
1073 2698 1277 2792 conjunctis

120 2810 170 2885 ¹et
192 2804 355 2898 evulgatis
375 2806 561 2893 volumine,
598 2828 702 2896 quum
723 2804 817 2873 baud
838 2804 940 2874 dubie
964 2805 1021 2873 vel
1044 2803 1181 2894 singulis
1205 2802 1262 2871 vel

136 2908 198 2975 toti
216 2908 304 2976 libro
319 2909 497 3001 proprium
511 2909 687 2998 quoddam
708 2931 831 2977 nomen
850 2915 885 2976 et
906 2907 1038 2975 titulum
1052 2905 1262 2998 praefixisset

137 3011 207 3079 sive
221 3012 296 3103 ipse
311 3011 457 3080 Laevius
473 3034 535 3079 seu
550 3013 622 3105 ejus
639 3014 815 3101 aequales,
841 3009 979 3094 accidit,
1004 3018 1042 3077 ut
1062 3014 1173 3077 essent
1189 3007 1262 3075 Vni

134 3113 253 3200 Docti,
279 3115 443 3204 aquibus
461 3115 578 3184 Laevii
592 3116 741 3200 Adonis,
765 3113 925 3194 Alcestis,
951 3111 1031 3196 lno,
1056 3110 1262 3179 Protesilao-

137 3216 250 3297 damia
270 3216 419 3308 aliaque,
462 3239 550 3307 quae
581 3242 603 3285 a
634 3214 869 3286 Grammaticis
898 3214 1025 3306 passim
1061 3214 1262 3305 allegantur,

57 3352 61 3361 ¹
136 3326 296 3412 poemata
317 3343 381 3413 pro
406 3321 609 3413 Tragoediis
636 3318 872 3389 Comoediisve
886 3317 1110 3404 haberentur,
1144 3340 1263 3407 eaque,

80 3456 87 3469 ·
136 3444 241 3512 quum
257 3430 349 3492 tanta
365 3445 508 3516 operum
524 3424 784 3492 dramaticormn
806 3421 905 3514 copia
924 3421 958 3488 in
973 3420 1133 3490 Laeviani
1152 3421 1263 3487 nomi-

137 3525 188 3593 nis
201 3525 442 3595 obscuritatem
457 3535 492 3596 et
505 3527 751 3620 ignobilitatem
768 3525 890 3595 cadere
903 3547 972 3592 non
985 3524 1164 3608 videretur,
1181 3545 1263 3615 parf

138 3628 197 3696 tim
211 3629 309 3697 Livio
324 3629 522 3699 ¹Andronico
542 3631 666 3722 partim
691 3631 840 3717 Naevio,
871 3629 952 3723 ipsis
973 3627 1156 3696 Codicibus
1177 3626 1262 3695 mss.

138 3731 404 3824 refragantibus,
431 3734 582 3801 certatim
595 3733 875 3801 adscriberentur.
929 3730 1057 3800 Verum
1070 3732 1159 3799 enim
1172 3751 1265 3815 vero,

138 3857 177 3903 rc
197 3836 383 3903 accuratius
405 3837 589 3929 pensitato,
630 3835 714 3904 mihi
745 3836 800 3904 vix
827 3835 967 3903 dubium
997 3842 1064 3920 est,
1108 3832 1187 3923 quin
1208 3832 1266 3900 illa

139 3938 252 4007 omnia
271 3938 318 4007 nil
338 3938 399 4006 nisi
420 3940 516 4007 unius
542 3938 681 4031 alicujus
712 3937 894 4022 libromm‚
928 3938 962 4005 in
981 3958 1067 4026 quos
1091 3934 1266 4003 distributa

138 4050 248 4110 esseut
259 4041 528 4133 Erotopuegois,
554 4053 668 4135 partes
684 4042 739 4109 vel
755 4039 901 4133 majores
915 4040 971 4108 vel
987 4040 1129 4107 fortusse
1149 4039 1265 4130 potio-

137 4166 191 4214 res
204 4143 484 4238 pulchrioresque
497 4144 637 4229 fuerint,
664 4167 685 4212 a
705 4142 940 4213 Grammaticis
960 4143 1103 4235 proprio
1120 4142 1177 4209 illo
1199 4162 1266 4208 no-

135 4248 224 4317 mine
249 4244 376 4343 pariter
396 4247 532 4335 citatae,
565 4271 606 4316 oc
630 4246 870 4344 lepidissimum
894 4245 988 4315 illum
1010 4243 1134 4315 Catulli
1155 4245 1265 4314 lusum
