2768 4838
154 268 233 343 166
395 291 509 345 nac.
535 292 714 342 nrcrrro
740 294 880 345 canvo
903 294 1066 347 roan-as
1129 274 1132 279 ’

653 442 758 545 §.b

255 548 426 644 igiturG.
446 550 594 621 Licinius
616 550 758 639 Calvus,
785 551 912 622 Orator
935 561 969 620 et
988 553 1111 641 Poeta,
1136 554 1182 624 de
1201 579 1273 647 qun

14 726 16 731 ,
153 653 527 743 scribereinstituimus,
551 650 639 725 lilius
655 654 774 725 fuito.
789 656 909 725 Licinii
920 654 1033 724 Macri
1038 680 1174 746 ‚quem
1187 682 1273 751 pro-

152 758 301 828 babilem
312 758 492 827 nmmum
505 746 704 850 scriptorem
718 767 822 849 atquc
844 758 938 827 haud
951 759 1137 853 ignobilem
1157 772 1272 831 crato-

151 883 226 929 rcm
238 861 339 929 fuisse
356 861 509 930 evincme
522 860 706 964 studuimus
721 870 772 947 et,
799 884 905 952 quum
921 861 1045 931 Calvus
1059 872 1173 931 noster
1178 863 1271 957 ‚ju-

151 964 244 1033 venis
261 963 410 1032 sedecim
423 986 604 1050 annorum,
628 986 693 1056 per
706 963 904 1033 Ciceronem
915 972 1015 1055 patre
1028 966 1145 1033 fuisset
1166 914 1270 1035 drba-

150 1074 224 1154 tus,
248 1088 317 1135 nnn
328 1067 534 1150 mirumst,
560 1067 654 1157 quod
668 1090 691 1135 a
706 1065 877 1136 Cicerone
886 1068 1047 1135 alienatus
1062 1068 1159 1157 eique
1176 1071 1271 1137 subi-

150 1178 241 1251 ratus
255 1190 469 1261 peromnem
482 1169 588 1236 uitam
605 1169 818 1239 obtrectator
834 1169 906 1262 ejus
925 1179 961 1238 et
981 1171 1130 1239 inimicus
1147 1172 1270 1241 existe-

150 1280 221 1341 ret:
247 1271 369 1360 quibus
385 1272 486 1339 animi
504 1271 654 1341 sensibus
676 1280 827 1340 mutuam
839 1272 985 1364 posthac
998 1274 1033 1341 in
1053 1275 1131 1342 foro
1151 1297 1269 1344 aemu-

150 1374 309 1443 lationem
321 1383 357 1442 et
367 1374 521 1443 fomenta
534 1372 705 1442 addidisse
716 1383 753 1442 et
763 1376 979 1443 incitamenta
997 1376 1270 1447 verisimillimum

151 1486 212 1548 est.
264 1477 370 1561 Num,
395 1486 481 1545 teste
495 1476 627 1545 Seneca
642 1475 802 1545 controv.
815 1477 858 1547 L.
865 1477 931 1546 111.
940 1476 1008 1553 lo.
1016 1500 1060 1571 p
1073 1478 1161 1553 232.
1178 1478 1271 1572 Rip,

153 1580 279 1650 Calvus
295 1602 374 1647 cum
389 1578 584 1650 Cicerone
574 1580 809 1669 niquissimam
822 1580 916 1648 litem
936 1579 980 1648 de
992 1582 1181 1677 principatu
1195 1585 1270 1655 elo-

153 1683 310 1773 quentiae
322 1681 457 1768 habnit‚
484 1691 518 1750 et
537 1704 740 1772 quamquam
763 1684 862 1752 Auct.
876 1683 963 1753 Dial.
980 1683 1013 1751 d.
1031 1681 1140 1751 Oratt.
1164 1707 1193 1752 c.
1206 1684 1268 1756 18.

151 1785 335 1875 frequens
325 1794 413 1854 mter
420 1792 598 1875 utrumque
613 1778 847 1879 epistolarum
842 1780 1081 1855 commercium
1092 1797 1269 1879 memorat,

152 1898 265 1957 tamen
279 1887 362 1957 mihi
377 1886 594 1959 vehementer
609 1887 683 1956 falli
693 1888 866 1977 videntur,
881 1912 941 1979 qur
928 1888 1033 1959 iude
1046 1889 1193 1963 lactum
1184 1900 1270 1959 mter

153 2001 333 2081 utrumque
364 1992 494 2085 gratiae
519 1991 823 2060 reconciliationem
855 1992 1036 2085 colligunt,
1072 2001 1181 2082 ¹atquc
1203 2016 1270 2086 pro

154 2104 246 2164 certo
260 2093 438 2164 affirmant.
488 2094 558 2165 Ista
576 2095 801 2163 reconciliatio
818 2104 853 2164 ct
867 2096 1029 2182 amicitia,
1055 2097 1082 2165 si
1098 2107 1270 2186 quaerat,

152 2199 329 2267 ambitiosa
350 2198 415 2267 fult
434 2206 470 2267 et
492 2198 626 2286 fucosa,
652 2207 687 2267 et
703 2198 841 2267 aemulis
862 2219 976 2266 rerum
991 2200 1135 2266 civilium
1150 2209 1185 2268 et
1204 2200 1270 2268 do-

152 2301 277 2371 ctrinae
292 2300 408 2371 studiis
424 2302 471 2369 ita
483 2301 517 2369 in
535 2300 606 2370 dies
621 2300 760 2388 nutrita,
781 2310 840 2386 ut,
857 2302 972 2392 quoad
986 2302 1158 2389 vivebant,
1185 2304 1270 2370 alter

150 2405 284 2474 alterius
306 2404 438 2498 gloriae
456 2403 636 2489 invideret,
663 2428 704 2473 ac
720 2405 893 2474 nautibus
909 2414 1024 2474 mutua
1044 2405 1270 2473 malivolentia

149 2510 370 2579 obtrectaret:
394 2531 474 2577 uam
491 2507 706 2594 Ciceronem,
725 2508 780 2576 cui
793 2507 917 2577 calvus
930 2509 1019 2577 visus
1033 2507 1134 2575 fuerit
1149 2531 1270 2575 exsan-

148 2612 226 2704 guis
243 2620 277 2679 et
295 2613 453 2698 attritus‚·
468 2635 490 2679 a
503 2610 610 2680 Calvo
631 2611 719 2679 male
741 2610 907 2680 audivisse
927 2619 1099 2701 tamquam
1124 2611 1269 2679 solutum

151 2724 186 2783 et
200 2736 374 2801 enervem,
400 2713 492 2785 idem
506 2715 609 2783 tradit
621 2715 720 2788 Auct.
739 2714 825 2785 Dial
849 2714 883 2786 d.
902 2712 1011 2782 Oratt
1034 2736 1063 2780 c.
1078 2710 1139 2781 18.
1194 2715 1269 2781 Ne-

149 2840 218 2907 que
241 2817 325 2886 illud
345 2817 427 2886 mihi
448 2818 581 2886 videtur
601 2817 658 2886 hic
684 2819 813 2887 silentio
833 2814 1136 2911 praetereundum,
1175 2815 1270 2905 quod

151 2919 295 3008 Calvus,
321 2921 426 3012 patris
445 2921 720 3008 accusationem,
746 2943 834 3011 quae
850 2924 928 2989 eam
940 2921 1089 2988 insecuta
1104 2925 1169 3004 est,
1193 2919 1270 2986 ino-

148 3025 265 3117 pinata
282 3022 362 3117 ejus
375 3034 483 3092 morte
500 3024 648 3093 offensus
669 3014 711 3093 ac
724 3022 881 3093 Ciceroni
903 3024 1057 3108 infestus,
1083 3020 1208 3089 nullam
1228 3022 1270 3108 ei,

150 3136 286 3219 sumpta
304 3126 389 3219 toga
406 3127 509 3214 virili,
543 3126 638 3196 dedit
662 3149 802 3219 operam
824 3149 935 3217 neque
963 3124 1099 3193 eumin
1121 3123 1198 3193 foro
1220 3132 1272 3193 est

150 3238 351 3299 assectatur:
375 3228 412 3297 id
435 3229 528 3320 quod
552 3229 598 3298 de
612 3228 664 3299 M.
689 3228 806 3299 Caelio
824 3229 937 3316 Rufo,
965 3226 1063 3296 Calvi
1084 3228 1189 3295 nostri
1210 3251 1271 3295 ae-

17 3410 21 3423 ,
151 3333 260 3424 quali,
285 3322 430 3402 constat.
450 3356 482 3401 v.
498 3332 690 3418 Quintilian.
712 3330 739 3403 1
759 3330 821 3400 Or.
840 3331 918 3401 Lib.
940 3330 1018 3401 ΧΗ.
1045 3353 1075 3398 c.
1099 3328 1160 3399 11.
1182 3325 1217 3424 §.
1234 3327 1270 3398 6.

150 3437 231 3528 ibiq.
246 3435 425 3528 Spalding.
439 3436 484 3508 T.
499 3435 557 3504 IV.
576 3458 613 3529 p.
629 3433 717 3503 681.
767 3435 836 3506 Hic
852 3442 1064 3526 contemptus
1083 3434 1197 3502 nescio
1215 3432 1271 3498 di-

151 3563 227 3608 cam
248 3563 293 3607 an
312 3540 480 3633 neglectio
507 3560 576 3607 non
594 3546 746 3632 poterat,
785 3538 867 3629 quin
887 3539 1059 3628 aliquanto
1083 3534 1272 3606 offenderet

99 3687 102 3697 ·
151 3642 370 3732 Ciceronem,
401 3643 600 3735 praesertim
624 3665 728 3732 quum
748 3665 813 3734 per
839 3640 923 3711 illud
943 3641 1104 3733 temporis
1127 3638 1270 3728 spatium

149 3745 223 3815 fere
246 3747 337 3815 solus
364 3753 469 3832 esset,
496 3744 554 3835 qui
573 3745 675 3836 prisci
696 3746 798 3814 moris
821 3754 937 3829 tenax,
955 3743 1099 3837 juvenes
1122 3739 1271 3808 discendi

149 3847 293 3942 cupidos
307 3857 380 3917 tum
394 3871 455 3916 suo
471 3849 574 3940 ipsius
589 3849 761 3939 exemplo,
786 3856 859 3915 tum
871 3845 1062 3939 praeceptis
1080 3842 1237 3915 erudiret.

251 3949 307 4020 De
321 3951 505 4044 magistris,
532 3951 652 4043 quibus
664 3973 743 4019 usus
760 3952 802 4019 sit
815 3949 957 4036 Calvus,
982 3948 1085 4014 altum
1108 3947 1159 4015 est
1178 3946 1272 4037 apud

150 4055 330 4146 scriptores
349 4055 534 4137 silentium3
560 4054 783 4124 consideranti
803 4062 917 4122 autem
938 4050 1021 4121 milri
1039 4048 1113 4139 ejus
1136 4049 1271 4119 dicendi

149 4180 256 4253 genus
282 4156 467 4227 admodum
487 4157 667 4251 probabile
689 4166 759 4243 est,
793 4178 871 4227 eum
889 4151 1096 4224 Rhetoribus
1119 4152 1271 4239 Graecis,

151 4262 210 4352 qui
227 4284 355 4356 magna
374 4271 454 4329 tunc
478 4259 579 4353 copia
595 4261 742 4328 Romam
760 4255 1114 4345 confluentesscholas
1136 4257 1270 4349 coepis-
