2768 4838
354 273 411 333 un
436 276 468 328 c.
494 276 663 329 nsnrro
689 278 822 330 crura
845 280 1002 345 rosus.
1171 258 1251 341 loe

122 425 188 493 alia
202 421 247 492 de
260 423 390 493 Ansere
408 424 603 514 considero,
627 427 760 497 videtur
780 428 854 522 ejus
875 433 1000 500 nomini
1021 455 1062 501 ae
1081 433 1194 504 famae
1213 446 1249 506 et

121 527 216 619 apud
223 529 381 616 aequales
396 538 430 596 et
436 523 530 621 apud
544 539 698 622 posteros
714 533 791 625 plus
806 532 955 602 obfuisse
969 536 1105 604 Antonii
1121 537 1246 629 clades,

49 648 54 658 ⁸
121 642 156 699 et
174 653 263 717 quae
278 631 429 721 posthac
447 633 596 703 insecuta
613 643 664 701 est
680 634 846 726 Augustei
865 637 939 705 aevi
958 637 1115 726 felicitas,
1141 663 1245 729 quem

119 733 224 824 ipsius
242 733 367 825 ingenii
383 733 525 802 tenuitas
542 744 575 803 et
590 737 789 823 carminum,
816 760 903 826 quae
927 741 1121 832 scripserat,
1147 744 1243 814 ratio.

120 834 264 904 Ovidius
279 836 376 922 enim,
405 835 501 927 cujus
515 836 581 905 hac
596 838 630 906 in
647 861 765 907 caussa
778 840 894 929 utique
908 843 1019 930 aliqua
1031 854 1083 911 est
1095 847 1243 913 auctori-

118 947 189 1026 tas,
210 938 245 1005 iu
256 938 314 1006 illo
329 938 425 1024 loco,
445 940 479 1006 iu
494 963 562 1029 quo
579 965 616 1009 se
631 964 758 1030 suaque
775 944 920 1011 carmina
935 944 978 1011 de
992 944 1127 1014 lascivia
1141 957 1242 1037 atque

117 1040 355 1109 inverecundia
383 1056 576 1110 excusatum
598 1043 634 1111 it·
646 1046 877 1135 proponendis
901 1047 1042 1115 aliorum
1063 1062 1243 1139 poetarum

115 1143 298 1232 exemplis,
335 1144 455 1231 quibus
476 1145 557 1213 nihil
583 1147 757 1214 nocuerint
788 1148 913 1216 lasciva
942 1149 1107 1239 carmina,
1141 1154 1242 1222 etiam

115 1245 283 1316 Anserem
297 1260 539 1315 commemorat
554 1249 655 1316 Trist
672 1247 715 1318 ll.
728 1246 816 1317 435.
1189 1246 1193 1256 '
1217 1262 1221 1272 '

129 1403 133 1411 .
163 1354 173 1370 “
225 1347 340 1419 Cuma
368 1371 504 1441 quoque
525 1350 582 1421 bis
603 1372 724 1425 eomes
741 1358 811 1436 est,
848 1351 1031 1445 Cirmuque
1045 1356 1241 1447 precemur·

753 1453 893 1545 Auser3

269 1551 322 1622 Et
339 1506 416 1623 leve
439 1551 760 1650 Comisicipurpue
777 1556 922 1629 Catonis
935 1577 1024 1650 opus
1047 1554 1123 1650 ¹¹).
1179 1544 1209 1665 ἰ

183 1784 234 1855 ll)
268 1785 321 1854 Qui
332 1785 361 1840 lr.
372 1801 401 1839 r.
414 1789 576 1838 memoratur
591 1785 673 1854 Cato,
688 1788 761 1842 baud
775 1786 855 1842 dubis
866 1791 907 1840 est
924 1785 1043 1839 Valeriae
1056 1786 1136 1853 cmo,
1151 1787 1237 1844 roes

113 1857 142 1907 et
155 1854 369 1918 Grammaticus,
392 1870 410 1908 a
424 1855 551 1907 Suetonio
574 1857 607 1907 de
622 1857 661 1911 ill.
684 1859 733 1910 Gr.
746 1875 769 1910 c.
785 1857 811 1910 2
826 1857 852 1909 4.
864 1856 907 1908 11.
928 1855 1049 1909 laudatus
1070 1866 1097 1910 et
1110 1859 1196 1924 meta
1207 1865 1236 1913 et

113 1924 204 1976 Dieuc
222 1924 386 1977 carminibus
408 1925 511 1990 clarus,
538 1924 634 1990 cuique
654 1928 737 1996 vulgo
760 1922 842 1978 Dir'ee
863 1924 944 1978 etiem
959 1924 1124 1980 tribuantur:
1149 1927 1184 1979 rie
1201 1944 1234 1981 ea

113 1992 236 2048 disseruit
251 1992 408 2045 Wemsdori
420 1994 451 2046 P.
467 1993 495 2044 b.
509 1993 548 2044 M.
560 1993 618 2047 Vol.
634 1996 679 2048 ΙΙΙ.
700 2004 726 2063 p'.
740 1996 823 2048 xnv1
835 2012 892 2062 sqq·
910 1993 1025 2047 Gravior
1040 1995 1142 2048 exsistit
1155 1996 1234 2049 dubi-

113 2061 196 2124 tutio,
214 2062 272 2130 quis
289 2063 324 2115 sit
340 2061 386 2114 ille
408 2061 581 2129 Cornificius?
607 2064 758 2117 Macrobius
776 2065 833 2118 Sat.
852 2066 895 2118 bl.
916 2080 939 2114 c.
955 2060 982 2116 5.
1004 2072 1134 2117 memorat
1152 2065 1234 2131 linior

112 2128 225 2195 nominis
244 2138 363 2199 poetam,
386 2130 492 2197 ejusque
511 2133 631 2199 exemplo
652 2140 759 2185 excusat
773 2133 934 2199 Virgilium,
959 2130 1002 2182 cui
1022 2131 1186 2185 insolentium
1205 2139 1233 2189 e

112 2200 287 2253 barbarorum
301 2201 490 2252 vocabulorum
504 2217 566 2252 usur
578 2207 646 2254 esset
661 2203 788 2268 objectus.
823 2203 864 2254 lta
878 2202 971 2270 Eulog.
985 2201 1030 2256 Vl.
1049 2202 1075 2255 4.
1092 2202 1233 2257 murum

111 2287 262 2339 -eumen
278 2277 367 2321 tuetur
382 2269 515 2321 Cornificii
535 2270 707 2335 auctoritate,
724 2271 770 2340 qui
790 2269 935 2336 scripserit:
959 2270 1071 2321 deducte
1083 2271 1149 2322 milri
1168 2288 1232 2326 νοω

111 2338 257 2406 gestienti:
274 2338 389 2405 itemque
403 2337 436 2390 ad
452 2354 478 2390 v.
499 2339 649 2391 bimembres
662 2341 726 2393 Aen.
743 2341 810 2391 Vlll.
828 2339 888 2392 ate.
906 2337 992 2408 addit:
1006 2338 1181 2402 „Cornificius
1201 2339 1230 2394 ia

113 2408 230 2461 Glaucea
250 2407 391 2460 Centauros
398 2408 510 2474 foedere
521 2409 700 2462 bimembrer.“
733 2409 764 2461 ln
780 2424 832 2475 quo
845 2409 1010 2475 fragmento,
1033 2413 1062 2458 ut
1076 2407 1127 2458 hoc
1145 2407 1230 2462 obiter

111 2477 223 2540 addam,
237 2478 350 2542 foedare
372 2476 472 2528 dictum
487 2493 544 2528 esse
565 2478 669 2530 videtur
686 2483 716 2531 ut
731 2475 809 2547 saspu'
828 2480 926 2545 scaeui
942 2473 970 2527 iu
989 2474 1147 2528 difficillima
1170 2478 1229 2531 loca

110 2544 218 2599 Pindari
229 2546 305 2600 Nem.
316 2546 336 2597 1.
350 2562 376 2597 ι.
389 2544 433 2598 68.
448 2546 480 2597 Β.
498 2546 585 2614 Igitur
598 2563 630 2598 ex
646 2547 785 2601 Macronis
796 2498 937 2609 discissus,
953 2543 1033 2610 luisse
1045 2551 1147 2612 poetam
1162 2546 1229 2599 (ior-

110 2615 229 2668 niticium
244 2632 356 2683 eumque
366 2614 481 2681 Virgilio
493 2615 674 2683 antiquiorem.
698 2618 771 2670 dnm
785 2634 848 2669 vero
869 2618 1000 2669 alienato
1020 2614 1046 2666 in
1066 2615 1117 2670 Vit.
1130 2615 1227 2684 virgil.

111 2685 191 2738 XVll.
203 2690 227 2747 t.
239 2662 283 2738 di.
297 2693 323 2736 et
342 2685 436 2736 xvllt.
454 2687 478 2749 S.
491 2683 535 2736 tt.
556 2691 718 2738 memoratur
732 2684 887 2738 Cornificius
899 2683 1007 2751 quidam
1026 2682 1095 2736 inter
1109 2683 1227 2738 Maronia

111 2755 296 2806 obtrectatores
308 2759 334 2805 et
344 2753 486 2805 maledicos
500 2753 635 2816 inimicos,
652 2762 683 2806 ut
699 2761 801 2807 taceam
811 2753 960 2807 testimonia
973 2750 1061 2804 Servii
1074 2754 1107 2804 ad
1119 2754 1177 2806 bicl.
1188 2753 1225 2810 ll.

109 2822 154 2875 bb.
166 2831 193 2875 et
207 2824 264 2874 nu.
279 2824 310 2873 V.
322 2823 349 2877 8.
363 2822 479 2892 itemque
489 2824 600 2890 Argum.
615 2823 749 2875 bicllllll.
768 2823 796 2874 ia
813 2823 876 2877 cod.
891 2822 959 2877 Gud.
967 2862 975 2886 ,
992 2821 1130 2889 dequibus
1143 2824 1225 2885 loll.

109 2892 216 2944 Vossius
231 2893 267 2945 ad
277 2892 334 2943 lici.
352 2893 382 2942 V.
399 2889 500 2958 122238.
515 2891 601 2944 nescio
621 2908 673 2957 quo
688 2891 747 2956 iure
766 2891 876 2943 dubitat.
921 2892 998 2957 Quae
1011 2892 1128 2951 Donatus
1142 2891 1176 2942 de
1192 2907 1225 2944 ea

109 2962 205 3026 tradit,
222 2978 255 3014 ea
267 2978 318 3012 non
330 2961 417 3030 magis
429 2960 497 3012 milri
510 2961 642 3013 sublestae
653 2960 715 3012 lidei
727 2959 931 3023 morirentur,
946 2974 1026 3027 ιιιιιιιι
1040 2976 1109 3026 quae
1121 2961 1153 3012 de
1170 2961 1226 3013 An·

55 3053 61 3061 ·
109 3047 168 3083 aere
178 3032 249 3099 apud
260 3032 381 3083 eumdem
396 3029 517 3098 legimus.
549 3028 658 3083 Accedit
668 3031 742 3083 aliud
759 3030 938 3083 testimoninm
955 3029 988 3080 ds
1001 3028 1140 3081 Cornificio
1154 3044 1224 3095 quo-

109 3100 188 3165 darn,
205 3101 273 3166 quod
289 3101 334 3152 dat
347 3100 525 3167 Hieronymus
540 3098 569 3150 in
585 3099 682 3152 (ihren.
701 3098 1070 3156 Baub.u1uccccnxxvl.
1104 3134 1121 3161 „
1132 3097 1224 3149 carsi-

102 3168 182 3236 fleiur
199 3177 279 3237 poete
298 3187 316 3221 e
334 3170 457 3222 militibus
477 3170 617 3221 destitutus
637 3170 753 3233 interiit,
771 3187 834 3238 quos
851 3183 930 3234 saepe
946 3167 1089 3235 fugientes·
1101 3168 1224 3232 galeatae

109 3239 210 3306 lepores
221 3242 388 3295 eocuuesat.“
410 3240 453 3290 Jo.
465 3239 529 3290 Ger.
544 3238 636 3290 Vossio
649 3237 685 3290 de
694 3239 768 3290 Post.
784 3240 841 3290 bet.
857 3255 880 3289 c.
892 3238 919 3288 2.
934 3251 960 3301 p.
974 3235 1035 3289 tot.
1047 3235 1082 3287 Τ.
1097 3236 1142 3286 lll.
1154 3235 1224 3302 Οιιιι.

108 3324 159 3359 non
174 3307 283 3359 dubium
297 3314 351 3370 est,
375 3307 436 3375 quin
451 3306 522 3358 idem
543 3307 578 3360 sit
592 3307 764 3372 Cornificius,
784 3312 864 3373 atque
882 3302 1164 3372 obtrewatorvirgilii.
1187 3302 1223 3356 nt

107 3376 227 3444 lleyuius
238 3376 272 3428 ed
286 3379 381 3428 Donet.
401 3376 453 3428 Vit.
467 3376 563 3444 virgil.
581 3377 663 3429 xvii.
682 3380 708 3442 §.
720 3376 764 3430 (ii.
783 3373 915 3437 dissentit,
940 3373 1003 3442 qnia
1019 3373 1145 3442 Virgilius
1164 3376 1224 3438 past

107 3445 179 3499 illius
193 3446 327 3498 Cornificii
342 3452 469 3505 mortem,
491 3462 559 3512 ques
572 3444 693 3498 inciderit
706 3444 734 3497 in
750 3461 775 3497 a.
788 3446 820 3497 U.
835 3445 865 3497 G.
877 3443 956 3509 712„
973 3444 1079 3499 deinum
1092 3441 1221 3493 inclarue-

107 3513 150 3567 rit.
184 3517 245 3568 Jam
265 3516 287 3568 si
300 3533 351 3583 ego
367 3514 439 3567 haud
454 3531 523 3566 vana
539 3514 687 3579 majestura
699 3515 792 3567 ductus
809 3514 953 3584 metendo,
968 3509 1137 3565 (iomilleium
1158 3515 1235 3577 poe-j

107 3590 178 3649 tam,
196 3586 272 3648 cujus
285 3602 375 3637 versus
386 3584 537 3636 Macrobius
549 3583 653 3647 attulit,
670 3583 875 3647 eumdem'erae,
889 3598 970 3650 quem
986 3579 1095 3634 osidius
1115 3594 1223 3633 nm

106 3655 274 3718 murnum,
297 3656 391 3716 credo,
409 3653 483 3706 lucili
502 3651 589 3705 animo
609 3652 678 3706 milri
693 3653 925 3722 suffragabuntura
947 3665 999 3702 nou
1017 3649 1081 3702 item
1101 3651 1222 3717 iorum,
1258 3683 1262 3687 -

110 3723 215 3776 sibene
227 3725 262 3776 ab
269 3724 448 3777 obtrectatore
463 3722 570 3792 Virgilii
589 3727 624 3775 et‘
634 3739 681 3790 eo,
702 3722 747 3790 qui
764 3740 781 3775 a
805 3720 933 3774 militibus
950 3718 1090 3772 destitutus
1104 3715 1221 3786 perierit,

40 3843 42 3847 .
106 3790 214 3844 minime
226 3793 359 3844 diversum
374 3809 430 3844 esse
445 3791 543 3856 judico.
585 3792 664 3857 Quae
678 3792 748 3844 onim
764 3790 798 3844 ab
811 3790 918 3858 Heynio
934 3793 1055 3841 movetur
1067 3792 1222 3856 saurgom

60 3904 66 3918 .
106 3862 249 3923 difficultas
265 3860 467 3930 chronologica,
493 3877 525 3913 ea
538 3877 591 3912 non
609 3859 677 3912 tanti
693 3866 749 3926 est,
763 3859 855 3925 quanti
885 3858 952 3911 rimo
968 3859 1091 3926 adspectu
1106 3856 1221 3939 uidetur.

105 3930 209 3984 Etenim
223 3930 350 3994 Virgilius
361 3931 419 3996 jam
434 3930 518 3983 &ilice
531 3945 595 3992 suo,
611 3945 653 3981 en.
666 3931 737 3983 lic.
754 3928 818 3984 ¹1⁰9..
828 3929 899 3981 odito
915 3926 981 3995 (aid.
993 3928 1038 3980 Jo.
1049 3926 1085 3980 ll·
1099 3925 1234 3999 burun..

105 4000 140 4053 ed
155 4001 211 4053 Bel.
223 4002 254 4053 V.
270 3999 313 4055 52.
326 4017 353 4068 p.
367 3998 459 4067 esd),
477 3998 562 4066 qrralis
573 4003 601 4050 et
614 4004 725 4064 quantus
743 3998 847 4050 lutum
863 4002 931 4049 esset
944 4000 1035 4064 posta,
1051 3994 1115 4048 retis
1132 3992 1222 4076 daris*

104 4075 223 4134 maeret,
236 4087 350 4136 eumque
359 4070 483 4135 juvenem
496 4069 585 4120 adhuc
595 4068 673 4130 plura
687 4064 745 4120 ailla
756 4066 849 4120 lusisse
858 4066 1011 4134 priusquam
1023 4065 1139 4134 Firlegm
1155 4077 1232 4135 aeau-¹

105 4139 196 4205 beret,
210 4140 287 4192 docet
299 4139 402 4193 Plinius
415 4140 464 4207 bip
476 4139 509 4189 V.
520 4137 548 4190 ὃ.
581 4135 657 4190 llaec
668 4135 800 4201 carmina,
809 4126 943 4209 'insanitis
954 4150 1032 4197 sane,
1051 4138 1080 4188 at·
1097 4142 1153 4187 tum
1164 4129 1222 4182 eri-

104 4209 153 4261 rnii
166 4208 282 4277 cultique
294 4207 393 4278 ingenii
406 4209 494 4262 luctus
506 4207 554 4275 (r.
572 4220 641 4273 quae
660 4200 803 4260 Suetoalur'
816 4207 845 4258 in
857 4202 1017 4271 sternent
1025 4203 1143 4270 refert),
1158 4214 1222 4267 oum

104 4277 133 4331 iu
151 4278 291 4333 hominen
309 4278 431 4333 aetitiam
446 4284 533 4334 emeat
545 4276 663 4346 pena,
677 4272 866 4346 ιιιιίιΙιιΙιιιιιι,
880 4273 920 4343 ai,
936 4280 970 4328 ιιι
982 4271 1101 4328 amnium
1120 4266 1221 4322 ιιιοιιιδι
