2768 4838
271 321 379 392 ouo.
404 322 554 374 nouam
576 322 706 375 susem
728 323 1089 394 emmerammus·
1175 302 1255 378 825

134 495 220 545 mus.
234 498 240 507 ·
270 472 340 543 lste
353 480 466 541 tamen
477 469 555 541 Fati
569 471 687 542 favore
698 474 812 542 nescio
824 473 936 544 dicam
949 498 993 544 au
1005 476 1056 545 irs
1073 476 1111 545 id
1130 500 1253 549 conse-

136 578 231 644 cutu's
247 586 315 660 est,
333 585 371 643 ut
385 596 509 644 nomen
525 575 598 668 ejus
612 575 706 670 apud
718 577 951 669 posteritatem
966 601 1143 649 commune
1156 583 1254 651 lieret

135 687 170 747 et
187 671 337 752 dassso's
354 678 400 746 de
415 678 533 766 quovis
549 680 637 747 malo
653 692 766 773 poeta.
818 680 870 748 lta
883 704 938 772 ap.
952 679 1143 752 Martialem
1157 685 1251 754 Libr.

134 782 176 850 X
193 803 249 872 ep.
265 779 338 867 w,
362 781 421 848 ubi
436 781 480 848 de
495 781 665 871 iniquitate
686 783 841 850 fortunae
860 793 981 875 poetas
1000 786 1203 881 negligentis
1218 797 1262 858 et-

133 885 296 953 mulioues
312 884 548 975 locupletantis
562 906 773 974 conquerens
789 886 834 953 ait
848 906 880 953 v.
897 883 935 957 8.
1258 926 1263 933 -

234 985 344 1054 Rullo
366 985 534 1055 Maeuius
558 987 663 1080 alget
686 988 724 1056 iu
749 988 907 1070 cucullos

238 1086 352 1158 Cocco
376 1089 485 1157 mulio
499 1087 631 1183 julget
654 1089 831 1159 Incitatus
853 1089 930 1183 ³⁰).

133 1190 313 1280 eidemque
342 1189 481 1261 Maeuio
511 1193 714 1285 spurcissimi
746 1193 937 1286 argumenti
959 1191 1168 1284 epigramma
1188 1188 1261 1261 su..

132 1293 228 1362 Libri
242 1295 313 1384 xi,
340 1295 435 1383 quod
456 1295 609 1364 lascivior
631 1298 693 1365 iste
707 1305 812 1388 poeta
833 1294 1043 1365 Bilbilitanua
1062 1316 1127 1385 per
1145 1294 1260 1362 otium.

132 1397 234 1465 animi
259 1420 377 1465 caussa
396 1399 542 1486 luserat,
576 1399 772 1491 inscriptum
791 1421 867 1467 esse
885 1408 980 1496 puto.
1038 1395 1196 1488 Utroque
1215 1397 1251 1467 in

133 1501 378 1594 epigrammate
392 1499 520 1574 Maeuii
532 1524 657 1574 nomeu
668 1504 787 1575 fictum
799 1509 862 1574 est.
935 1557 939 1564 .

231 1806 330 1877 Haec
351 1807 472 1895 habui,
504 1831 593 1898 quae
615 1807 660 1876 de
682 1807 815 1876 Horatii
838 1802 1137 1891 obtrectatoribus,
1175 1809 1261 1873 tum'

130 1906 235 1999 ipsius
249 1920 390 2002 poetae,
409 1921 481 1977 tum
495 1910 759 1979 Scholiastarum
773 1920 907 1978 secutus
921 1908 1127 1992 testimonis,
1152 1903 1250 1975 dice·

129 2033 214 2078 rem.
262 2012 476 2080 Mirabantur
504 2021 615 2083 autem
637 2013 781 2081 fortasse
802 2012 971 2096 nonnulli,
1004 2033 1094 2102 quae
1111 2008 1250 2079 taudem
1313 2045 1317 2053 ·

131 2135 186 2180 me
199 2107 388 2182 isrduxerint
403 2114 556 2200 caussae,
580 2125 619 2183 ut
633 2115 678 2183 de
691 2115 918 2186 homiuibuse
937 2114 1035 2183 faece
1056 2111 1258 2181 Merenda--

130 2215 212 2281 lium
225 2218 372 2285 virorum
392 2227 462 2285 tam
483 2219 622 2310 copiose
642 2218 842 2287 dissererem
863 2234 1049 2305 eorumque
1069 2215 1258 2289 isernien:

130 2327 223 2385 tuam
245 2320 442 2389 memoriam
460 2321 571 2410 aliqua
594 2342 672 2388 cum
694 2343 776 2389 cura
792 2321 1019 2388 instaurarem.
1067 2316 1133 2385 Est
1154 2339 1248 2404 vero,

130 2442 173 2487 ne
189 2422 271 2510 quid
286 2422 507 2510 dissimulem,
533 2422 633 2515 hujus
656 2423 843 2514 scriptionis
859 2420 1032 2491 consilium
1052 2419 1162 2488 subito
1184 2442 1255 2489 ιιι-ς

130 2532 212 2607 tum,
237 2547 313 2592 cum
327 2525 501 2595 Mansonis
517 2526 842 2596 Commentatiouem
857 2525 903 2598 de
917 2523 1073 2609 Horatio,
1096 2529 1251 2591 veterum

130 2623 218 2693 Latii
242 2637 420 2718 poetamm
435 2629 575 2720 judice,
608 2631 644 2697 iu
672 2628 746 2721 ejus
779 2627 924 2698 Miscell.
958 2625 1161 2696 Commentt
1186 2624 1258 2695 ltu:

129 2750 165 2819 p.
180 2725 232 2796 811
249 2752 324 2818 sqq.
348 2732 522 2819 (Breslau.
544 2730 680 2822 1821.)
703 2731 871 2823 legissem.
921 2729 990 2798 Hic
1011 2727 1250 2821 elegantissimi

130 2831 181 2899 vir
195 2831 318 2923 ingenii
333 2856 454 2902 novam
470 2836 504 2903 in
519 2833 725 2924 explicandis
741 2833 881 2917 caussis,
908 2854 995 2921 quae
1008 2832 1189 2901 Horatium
1202 2829 1255 2897 ad·

129 2943 200 3003 tam
225 2958 380 3003 severum
405 2935 450 3004 de
478 2936 620 3025 antiquis
650 2936 884 3020 Romanorum
901 2935 1033 3003 vatibus
1053 2932 1256 3003 faciundum·

122 3035 290 3128 judicium
303 3040 565 3129 permovissent,
592 3039 760 3130 ingressus
773 3039 862 3106 viam
884 3038 1073 3129 suspicatus.
1091 3045 1160 3123 est,
1186 3057 1250 3105 ex-

130 3139 250 3210 stitisse
266 3142 323 3213 illo
342 3153 496 3236 tempore
511 3142 645 3211 Romae
668 3141 705 3211 iu
723 3142 908 3217 litterarum
928 3139 1047 3212 studiis
1062 3161 1264 3230 eorumque.

130 3314 341 3333 m

199 3408 249 3478 30)
265 3411 403 3482 Caligulae
418 3404 574 3479 imperaturi
596 3430 691 3482 murm
709 3411 792 3467 luisse
808 3407 918 3463 incitati
931 3406 1036 3461 nomiae
1052 3404 1170 3472 dictum
1190 3418 1248 3456 me·

128 3477 231 3532 moriae
247 3482 359 3546 produnt
376 3480 518 3533 Suetonius
533 3499 557 3536 c.
575 3482 617 3537 55.
638 3490 665 3536 et
682 3481 734 3535 llio
750 3483 824 3535 (lau.
837 3478 985 3534 Libum.
1002 3494 1025 3530 c.
1043 3475 1088 3529 lt.
1104 3472 1170 3542 iltiq.
1186 3472 1249 3525 sida

128 3548 283 3602 Fabricium
297 3551 355 3604 l'ol.
369 3551 413 3602 vi.
425 3567 451 3632 p
463 3549 524 3605 882.
538 3552 595 3617 sc,
612 3554 658 3606 sed
676 3553 705 3607 lr.
719 3553 738 3606 1.
753 3550 923 3605 sssuiiestom
937 3555 978 3601 est
997 3545 1064 3599 illud
1081 3560 1177 3597 nomm
1190 3558 1250 3597 essa

128 3617 260 3684 equisonis
272 3636 317 3670 scu
330 3619 461 3672 mulioma.
495 3621 636 3689 Propterea
656 3617 915 3675 Pessinuntius.
936 3616 972 3668 ll.
992 3615 1063 3668 Sasu.
1082 3631 1106 3666 c.
1119 3613 1163 3665 2⁰.
1181 3628 1248 3665 cou-

124 3686 191 3754 J‘acit
207 3688 348 3755 legendum
365 3705 435 3740 esses
454 3689 533 3741 Cocco
544 3693 624 3744 arulis
635 3694 724 3761 fuiget
739 3687 862 3750 incitati,
879 3700 994 3750 eamque
1007 3684 1185 3749 mauram
1200 3680 1249 3733 sss-

128 3756 214 3810 mavit
229 3758 302 3813 Lilsr.
321 3760 365 3811 xl.
383 3756 474 3825 Epigr.
494 3758 520 3809 1.
539 3776 565 3812 s.
584 3761 626 3816 ltl.
644 3763 698 3813 Sed
714 3776 773 3811 cusu
789 3756 908 3826 quossis,
925 3753 1088 3821 sciolosque
1106 3752 1194 3821 bssss
1207 3751 1248 3803 lie

128 3829 224 3894 Scorpo
235 3828 339 3894 suerint
356 3835 382 3881 et
398 3827 517 3878 incitata.
553 3829 615 3881 Fuit
640 3830 751 3896 Scorpus
773 3825 869 3879 nobilis
885 3841 901 3877 a
933 3832 1001 3877 tuor
1018 3819 1164 3875 Domitiani
1181 3828 1248 3872 tem-
1334 3832 1338 3840 ·

127 3912 206 3963 pore,
223 3897 298 3960 cujus
315 3904 425 3949 mortem
443 3894 575 3949 Martialis
593 3898 671 3950 dedet
687 3897 759 3950 lnibr.
777 3898 814 3949 X.
831 3896 881 3961 Ep.
916 3891 962 3955 0.,
980 3890 1058 3960 eiquo
1072 3888 1247 3957 Epitaphium

128 3963 233 4030 scripsit
250 3968 285 4030 ej,
302 3967 366 4018 lilrri
382 3967 430 4030 ΕΡ.
448 3963 491 4019 53.
507 3974 534 4018 et
550 3968 678 4020 Incitatus
701 3966 730 4017 h.
748 3964 769 4021 l.
785 3970 894 4034 putatur
916 3978 974 4015 asse
994 3976 1078 4031 equus
1091 3958 1164 4012 illius
1179 3966 1248 4012 msu-

127 4033 201 4102 poris
218 4034 355 4088 uelocitate
372 4035 509 4104 Caligulas
526 4053 592 4103 equo
610 4034 771 4090 simillimus.
805 4035 842 4086 At
856 4050 871 4084 e
888 4030 979 4085 uidem
989 4036 1092 4093 tutuo,
1108 4028 1189 4081 etism
1201 4026 1248 4079 laic

129 4103 270 4157 incitatum
286 4121 341 4158 essa
361 4121 455 4157 nornen
474 4102 629 4175 agitatoris,
651 4102 799 4156 Domitiani
814 4119 848 4155 ac
889 4098 974 4165 nisui
989 4114 1056 4152 seso
1071 4096 1206 4179 celebris,
1220 4098 1249 4148 ct

128 4170 165 4225 ita
176 4190 207 4224 ex
224 4173 296 4227 illius
310 4175 370 4241 equi
387 4179 517 4234 memoris
531 4171 669 4245 appellati·
704 4175 799 4241 Quare
813 4171 841 4224 in
857 4169 944 4238 priore
958 4165 1091 4229 Martialis
1104 4168 1164 4219 loco
1181 4164 1249 4217 eruti

128 4244 282 4295 mutandum
301 4253 381 4312 puto,
405 4253 433 4300 et
450 4256 562 4322 utroque
585 4243 791 4315 epigrammate
802 4241 923 4297 cumdem
936 4238 1080 4293 unimur
1094 4251 1152 4289 um
1172 4231 1249 4287 lutol-
1368 4260 1372 4265 ·

127 4308 271 4379 suasam.
