2768 4838
354 328 412 381 nr
437 331 469 382 c.
495 309 665 382 nrcrrrb
690 322 836 383 canto
860 332 1021 383 roura.
1091 336 1096 344 ·
1185 308 1263 384 1⁸8

119 491 253 553 flamen
268 483 389 578 pejore
405 509 564 579 versuum
577 482 777 566 interductu.
827 487 1007 584 Supplevit
1021 493 1133 558 antem
1148 484 1260 560 seuu-

137 610 203 680 ger
225 609 268 656 ex
292 588 472 657 Ammiano
492 569 647 660 Marcell.
670 591 748 664 Lib.
770 592 878 673 xvir.
911 614 941 662 e
964 588 1025 660 11.
1048 587 1085 688 §.
1106 589 1143 664 4.
1156 592 1257 664 'M

136 712 173 806 p
190 687 277 758 134.
292 689 346 762 ed.
361 690 485 785 Wagu.
478 743 507 782 .,
533 692 591 762 nbi
603 693 707 764 baec:
731 692 812 765 Nec
833 716 902 764 uon
921 694 1064 764 etiam
1049 716 1086 763 m
1101 690 1257 787 Rumpe-

128 789 211 885 jam
239 791 533 864 obtrectatores
518 797 635 888 arripare
663 797 779 866 malta
799 804 1016 883 cantantes,
1053 816 1134 866 eam
1156 797 1256 884 nibil,

136 895 233 964 ande
247 897 446 988 vituperari
460 896 632 983 deberet,
647 898 877 985 bweairetar,
894 900 967 970 dac
982 900 1075 969 baec
1086 896 1257 969 observo-

136 1005 261 1068 veraat
277 998 474 1071 ludibriosa
487 1007 523 1069 et
540 1001 663 1070 irritm
687 1003 783 1094 qaod
801 1003 958 1094 genuino
977 1001 1134 1094 quodam
1156 1024 1257 1073 more

135 1109 246 1194 copul
260 1101 378 1195 digito
389 1125 459 1171 arro
473 1102 677 1197 sculpebat:
690 1105 853 1196 quodque
866 1104 1089 1197 aliquamdiu
1105 1105 1256 1198 tegendi

134 1205 266 1273 ulceris
278 1226 390 1274 cuasa
406 1204 746 1300 dcgforruiasosciolu
768 1206 929 1277 condida
943 1228 1026 1276 crus
1038 1206 1256 1300 colligabat:

135 1328 283 1399 quoram
295 1309 449 1378 alteram
461 1307 636 1400 factitare
649 1315 688 1379 at
706 1309 932 1395 maclam,
957 1309 1110 1378 atterum
1129 1316 1170 1378 at
1188 1331 1255 1379 oo-

134 1432 263 1478 voram
275 1431 396 1478 reram
413 1412 581 1503 cupidam
594 1411 831 1482 adserebant:
853 1412 944 1482 aibil
963 1413 1131 1482 interesse
1148 1410 1253 1482 oblat·
1327 1464 1330 1471 ‚

134 1514 271 1582 ‘tractes
292 1522 505 1606 argumento
526 1513 750 1608 subfrigido,
787 1534 899 1608 maru
921 1521 1066 1608 portem
1094 1515 1254 1607 corporis

134 1616 319 1684 redimiret
332 1618 461 1710 regiae
474 1613 671 1709 majestatie
682 1618 832 1711 iasigrrir
857 1640 936 1688 eam
947 1619 1081 1702 υἱιιιιιι,
1106 1639 1253 1713 procrea

124 1716 277 1812 sortior,
294 1742 360 1788 uec
373 1721 511 1788 cautior
524 1722 710 1813 qaisquam
721 1723 870 1812 patriae
884 1719 970 1808 fait,
987 1728 1028 1790 at
1040 1721 1253 1790 doaomerrta

129 1822 330 1915 praeclaro
342 1828 524 1894 testamur
574 1824 681 1916 Igitur
698 1824 790 1914 apud
803 1825 976 1892 Romanos
998 1821 1252 1915 coadidasos·
1289 1842 1296 1854 ⁴

135 1925 247 2011 ciclo,
280 1947 383 2015 qnam
401 1925 574 2018 gestabat,
606 1927 641 1994 in
662 1925 812 1993 affectati
832 1927 1059 2018 suspicionem
1076 1926 1173 2018 regni
1194 1926 1251 1993 in-

135 2027 291 2096 currebat
305 2028 506 2120 Pompejus,
533 2051 586 2097 cur
576 2027 654 2104 Μ.
668 2028 835 2097 Favonius
858 2050 1012 2119 quoqne,
1038 2027 1090 2099 M
1111 2027 1249 2098 Catonis

134 2131 335 2209 aemuletur,
361 2131 602 2200 fortissmus'
570 2154 638 2218 ιιι,
664 2132 722 2222 qui
742 2141 822 2224 post
841 2132 1061 2223 Philippense
1083 2114 1250 2222 praelium

127 2240 253 2325 “captus
265 2232 387 2303 (letari
388 2256 489 2302 anum
501 2181 693 2303 foedissimo
709 2233 860 2303 convicio
882 2257 996 2302 coram
1011 2233 1174 2352 proscidit
1190 2233 1248 2323 (ι.

135 2335 254 2410 Suet.
244 2358 279 2405 ru
291 2338 357 2406 vit.
377 2335 551 2406 Octavian.
567 2359 597 2404 c.
612 2335 706 2427 la),
720 2334 901 2426 aliquando
916 2336 1027 2428 exigui
1040 2335 1131 2403 istius
1145 2337 1249 2426 pauni

135 2439 339 2508 cavillatione
358 2439 470 2532 regias
484 2440 570 2508 vires
585 2439 812 2532 exprobrans,
852 2436 935 2508 Nora
961 2437 1093 2532 refert,
1131 2437 1248 2527 inquit,

134 2565 205 2634 pau
219 2543 255 2610 ia
267 2550 374 2634 porte
385 2543 544 2634 corporis
555 2543 602 2611 eit
614 2543 806 2611 diodemor
818 2550 856 2610 nt
868 2551 981 2610 narrat
988 2540 1099 2611 Valer.
1107 2537 1248 2610 Maxim

133 2645 209 2712 Lib.
224 2645 325 2716 Vl.·c.
340 2643 374 2713 2.
388 2647 431 2717 N.
448 2645 482 2714 i.
510 2644 626 2731 Quid?
650 2646 744 2735 qnod
757 2645 822 2736 ipsi
833 2645 989 2715 (becconi
1008 2644 1157 2736 caligae
1172 2639 1249 2735 ejas

134 2746 337 2839 (Pompeji)
359 2755 393 2816 et
405 2745 548 2840 fasciae
570 2754 731 2844 cretatae
751 2769 819 2815 sorr
834 2745 1052 2840 placebunt,
1076 2755 1115 2814 ut
1134 2746 1250 2816 scribit

131 2851 244 2919 ¹Attico
256 2851 364 2942 Epist.
378 2850 457 2919 Lib.
472 2851 515 2922 ll.
530 2850 565 2918 3.
617 2849 699 2919 dam
718 2872 824 2940 quum
844 2848 972 2919 Calvus
988 2858 1121 2935 noster,
1145 2871 1249 2938 quern

134 2960 167 3021 et
179 2954 290 3046 ipsum
296 2954 397 3022 fuisse
404 2953 546 3021 vidimus
560 2943 813 3049 arirKcirorroc
827 2951 1032 3051 παρρησίαι
1047 2946 1248 3024 ὑποποιού-

132 3082 266 3148 μινον,
305 3058 440 3146 qualem
459 3055 644 3125 Favonium
674 3054 755 3123 dicit
771 3054 970 3124 Plutarchus
998 3055 1033 3122 in
1054 3053 1120 3123 vit.
1145 3052 1244 3127 Caes.

134 3181 163 3226 c.
179 3154 259 3242 41„
291 3161 448 3251 suspicax
468 3167 502 3228 et
522 3159 616 3228 fortis
638 3168 726 3227 esset
747 3158 908 3226 libertatis
926 3155 1086 3249 publicae
1105 3155 1246 3238 vindex3

134 3258 214 3329 mibi
226 3262 298 3328 veri
312 3272 364 3330 est
378 3262 530 3348 similius,
554 3261 712 3355 Pompeji
730 3261 869 3329 fasciam
890 3258 1013 3328 eodem
1033 3280 1131 3327 sensu
1144 3279 1246 3325 acce·

132 3372 226 3455 ptam
240 3365 284 3432 ab
301 3388 343 3433 eo
359 3374 393 3433 et
409 3375 558 3435 notatam
572 3366 683 3439 lbisse.
734 3363 826 3432 Hinc
836 3363 1009 3432 verissima
1017 3361 1100 3431 milri
1113 3360 1246 3428 videtur

134 3468 298 3559 Scaligeri
319 3467 495 3557 divinatio,
533 3491 645 3558 neque
665 3475 807 3560 exputo,
847 3489 907 3535 cur
927 3465 1141 3534 Burmannus
1165 3462 1244 3532 Sec.

134 3568 178 3637 ad
190 3570 292 3642 Anah.
309 3570 384 3640 Lat.
406 3575 429 3641 l.
449 3597 479 3640 c.
499 3596 535 3664 p.
559 3569 644 3640 216.
668 3590 744 3638 eum
766 3569 841 3638 aliis
857 3567 1086 3638 Virislloctis
1103 3565 1246 3632 alterumn

133 3675 402 3765 supplementum
423 3674 684 3767 praeferendum
706 3673 873 3764 putaverit
907 3680 942 3740 et
970 3671 1038 3738 boc
1058 3668 1245 3759 Epigram-

133 3786 222 3844 mate
251 3779 347 3868 regni
376 3778 593 3870 cupiditatem
618 3775 787 3868 Pompejo
813 3774 1009 3868 exprobrari
1034 3770 1245 3839 dubitaverit.

133 3881 243 3947 Nemo
257 3881 427 3958 enimnou
443 3882 576 3966 sentiet,
605 3880 905 3971 quantopercista:
937 3875 1117 3968 Magarsa,
1143 3895 1248 3966 quem

133 3989 288 4052 metuant
302 4005 421 4052 omues
435 3984 601 4076 frigeant3
615 3982 813 4074 praesertim
826 4002 931 4070 qnam
941 3980 1153 4049 Burmannus
1167 3999 1248 4044 eon·
1273 4004 1276 4011 ·

132 4084 266 4173 tendat,
305 4088 411 4154 sclam
432 4085 605 4154 mollitiem
628 4082 797 4175 Pompejo
821 4081 941 4174 objici:
979 4102 1050 4173 quc
1069 4101 1169 4150 sensu
1191 4101 1241 4145 rc·

132 4189 209 4275 ista,
240 4210 329 4280 quae
350 4190 505 4283 Scaliger
528 4209 570 4256 ex
589 4185 768 4257 Ammiano
790 4187 916 4274 elicuit,
942 4186 1047 4255 verba
1067 4179 1274 4252 commode-

133 4291 241 4385 accipi
263 4301 426 4386 possunt,
464 4288 739 4384 qnandoquidem
761 4290 952 4360 molliorum
977 4296 1013 4360 et
1037 4284 1250 4356 muliebrium
