2768 4838
398 275 453 325 nn
478 276 669 369 ιιοιιιτιο
694 276 841 327 nauso
863 276 1022 329 roura.
1130 322 1133 328 .
1199 258 1278 333 tot

158 425 262 494 ratius
289 424 470 518 siguificat,
499 426 699 521 plagosum
720 446 799 497 enm
817 428 1013 522 appellans,
1052 435 1089 501 et
1111 429 1278 531 Domitius

120 532 141 581 ‘=
158 527 295 598 Marsus
311 531 540 615 scribens,
728 555 739 575 ⁸

264 631 307 701 Si
331 654 441 723 quos
436 631 603 702 Orbilius
622 602 747 726 serula
770 632 973 724 semicanae
997 632 1171 713 oeciditt‘,
1272 682 1277 687 -

211 734 401 804 Ediderunt
441 736 510 804 hoc
547 735 789 829 Fragmentum
825 734 872 808 PL
901 736 1095 831 Stephanus
1131 738 1282 832 itemque

160 837 425 927 Brouldrusius„
456 839 634 908 Suetonius
651 861 721 909 nou
736 838 877 925 indicat,
905 861 973 928 quo
992 840 1027 907 in
1040 840 1149 910 Marsi
1173 864 1280 935 opere
1312 826 1315 845 ¹

159 940 217 1011 hic
232 964 347 1010 versus
359 941 463 1010 fuerit
483 943 599 1012 lectus.
650 942 739 1035 Ego·
756 941 908 1033 suspicor
924 941 973 1015 ad
992 942 1154 1013 Cicutam
1174 949 1282 1041 perti·

161 1067 261 1114 nere:
289 1068 358 1135 quo
377 1044 511 1115 nomine
528 1067 598 1113 non
616 1044 785 1137 singulare
809 1043 984 1134 quoddam
1001 1069 1135 1115 carmen
1156 1049 1283 1121 dietum

162 1148 266 1217 fnisse
290 1147 412 1234 credo,
451 1147 514 1217 sed
540 1149 709 1240 integrum
731 1150 1012 1240 epigrammatum
1031 1150 1170 1238 librum,
1205 1176 1282 1223 cum

162 1251 310 1342 singulos
327 1251 464 1343 singulis
477 1252 578 1320 titulis
593 1252 754 1320 discretos
773 1251 941 1343 prodiisse
959 1251 1063 1320 libros
1081 1254 1151 1321 veri
1170 1256 1212 1347 sit
1234 1257 1283 1325 si-

162 1355 353 1424 millimumz
378 1355 415 1423 id
437 1353 531 1445 quod
543 1355 617 1446 jam
630 1354 1017 1442 Broukhusiuseenset,
1044 1356 1103 1444 qui
1127 1359 1284 1447 apposite

162 1457 327 1527 Martiabs
340 1456 461 1532 xasa
479 1466 581 1546 atque
595 1457 832 1551 Apophoreta
849 1457 997 1526 canfen:
1014 1459 1181 1531 ,alebam
1189 1460 1283 1531 Bur·

162 1582 272 1630 mann.
302 1559 347 1628 ad
366 1559 504 1629 AnthoL
525 1560 602 1632 Lat.
624 1562 647 1629 l
670 1584 699 1631 c.
769 1561 973 1649 Atque,ille
1001 1562 1283 1653 epigrammatum

101 1662 103 1667 ’
163 1664 250 1736 liber
271 1662 365 1731 haud
385 1664 455 1731 scio
480 1685 524 1731 an
550 1664 745 1756 complexus
776 1665 819 1731 sit
841 1662 1008 1755 ejusmodi
1023 1665 1283 1757 epigrammata,

165 1767 286 1857 quibus
301 1766 466 1835 Domitius
483 1765 618 1837 Marsus
639 1776 760 1858 poetas
775 1766 933 1855 virosque
955 1765 1075 1839 doctos
1097 1790 1284 1859 eorumque

164 1872 276 1940 mores
296 1868 542 1960 perstrinxerit,
567 1868 714 1958 ideoque
728 1878 871 1959 propter
884 1869 1102 1943 acerbitatem
1120 1872 1183 1941 toti
1197 1873 1284 1949 libro

168 1973 317 2042 Cicutae
328 1972 459 2043 titulum
472 1970 601 2044 feeerit
652 1971 705 2039 lta
719 1970 813 2062 apud
826 1970 1005 2045 Horatium
1022 1973 1094 2043 Sat
1108 1975 1154 2063 ll,
1170 1973 1206 2060 3,
1221 1972 1284 2047 69.

166 2085 201 2144 et
214 2070 300 2142 175.
322 2074 493 2142 fenerator
506 2072 643 2162 quidam
656 2097 793 2162 avarus,
818 2074 962 2145 Perillae
982 2098 1015 2149 v.
1035 2073 1117 2168 ⁷5,
1142 2089 1286 2170 propter

165 2178 381 2270 asperitatem
396 2184 431 2244 et
451 2176 706 2245 amaritudinem
724 2199 858 2246 morum
883 2177 1010 2249 Cicuta
1028 2183 1285 2270 cognominatus

166 2293 235 2368 cst,
266 2289 352 2349 teste
371 2280 508 2350 Acrona
536 2278 582 2347 ad
603 2303 633 2348 v.
659 2278 721 2350 69.
744 2277 861 2355 ¹Mera
882 2280 1036 2369 quidem,
1074 2282 1202 2369 fateor,
1235 2292 1288 2355 est
1365 2292 1368 2298 '

167 2384 380 2476 conjectura,
399 2404 471 2451 neo
491 2378 604 2451 minen
616 2381 720 2476 plane
737 2382 939 2474 rejicienda,
965 2406 1033 2473 qua
1047 2383 1169 2457 ductus
1186 2409 1289 2477 supra

166 2484 203 2584 ὅ.
221 2488 255 2557 2.
272 2487 340 2557 dixi
352 2486 537 2556 Domitium
550 2485 706 2557 Marsum
719 2485 828 2555 videri
841 2500 939 2557 usum
959 2508 1034 2555 esse
1055 2485 1177 2563 Orbilii
1193 2489 1289 2565 instif

166 2593 292 2660 tutione
306 2601 340 2658 et
358 2589 549 2680 disciplina,
575 2588 670 2681 cujus
686 2590 841 2666 saevitiae
859 2590 910 2659 vir
930 2590 1039 2660 faetus
1060 2611 1169 2680 aeque
1182 2600 1289 2682 atque
1332 2609 1334 2615 ·

166 2695 325 2766 Horatius
340 2693 544 2775 meminerit,
571 2715 715 2782 eamque
731 2694 974 2785 epigrammate
989 2694 1135 2765 irriserit

268 2795 327 2864 lv
379 2795 557 2864 Suetonius
587 2794 620 2863 d
639 2796 755 2865 illustr.
779 2794 840 2863 Gr.
866 2818 894 2862 c.
923 2793 983 2865 16.
1023 2796 1099 2884 „Q.
1123 2797 1288 2875 Caecilius

167 2900 328 2992 Epirota,
360 2897 501 2965 Tusculi
521 2905 634 2983 natus,
666 2897 805 2964 libertus
828 2897 1005 2965 Attici—
1024 2898 1071 2967 ad
1097 2899 1291 2969 Cornelium
1341 2906 1344 2911 ’

170 3004 307 3072 Gallum
323 3024 359 3068 se
373 3001 528 3085 eontulit,
554 2999 703 3090 vixitque
724 3023 790 3067 una
811 2988 1082 3089 familiarissime,
1109 3003 1203 3092 quod
1225 3002 1291 3095 ipsi

170 3107 272 3175 Gallo
288 3106 373 3173 inter
392 3103 587 3196 gravissima
602 3102 738 3171 crimina
752 3104 796 3171 ab
811 3104 967 3194 Augusto
992 3104 1179 3197 objicitur.
1208 3108 1292 3175 Post

170 3196 292 3277 deinde
307 3206 552 3275 damnationem
565 3216 777 3297 mortemque
795 3202 900 3291 Galli,
922 3207 1074 3275 scholam
1089 3209 1291 3300 aperuit.—

169 3313 300 3383 Primus
322 3311 441 3379 dicitur
460 3309 581 3379 Latine
611 3332 653 3378 ex
674 3318 829 3401 tempore
856 3309 1062 3402 disputasse,
1092 3312 1291 3404 primusque

169 3413 348 3507 Virgilium
364 3423 397 3480 et
412 3413 493 3480 alios
507 3422 624 3504 poetas
641 3433 747 3483 novos
770 3411 972 3506 praelegere
994 3415 1163 3507 coepisse,
1196 3413 1291 3504 quod

172 3517 271 3589 etiam
283 3516 420 3585 Domitii
436 3515 542 3582 Marsi
555 3516 735 3587 versictdus
751 3515 885 3603 indicat,
1197 3508 1200 3513 ’

274 3619 447 3712 Epirota,
472 3619 679 3688 tenellorum
703 3618 881 3688 nutricula
907 3622 1061 3688 vatum.“
1148 3632 1178 3689 .“
1283 3664 1287 3671 ·

222 3721 263 3791 In
283 3723 350 3789 hoc
372 3743 471 3789 versu
492 3730 652 3810 quantum
672 3721 748 3791 insit
776 3722 863 3791 fellis
885 3731 920 3792 et
958 3720 1164 3808 acerbitatis,
1192 3718 1293 3789 docet

170 3850 202 3893 v.
217 3824 414 3895 nutricula:
438 3832 475 3892 ut
492 3824 592 3892 etiam
608 3824 763 3894 Ciceroni
779 3826 813 3895 in
826 3825 933 3894 Vatin.
950 3849 979 3896 c.
996 3825 1031 3892 2.
1055 3823 1176 3899 dicitur
1203 3822 1293 3923 Ge}

172 3928 240 3997 lius
252 3927 430 3997 nutricula
444 3927 688 3997 seditiosorum
704 3930 866 3997 omnium.
918 3929 1041 3996 Poetas
1053 3950 1159 3996 novos
1179 3935 1213 3995 et
1233 3949 1293 3995 ae·
1345 3994 1350 4026 ι

172 4033 289 4122 quales
302 4056 366 4123 per
379 4030 560 4100 ludibrium
574 4031 641 4099 dici
656 4033 801 4102 tenellos
813 4039 924 4116 vates,
946 4040 1100 4123 apertum
1115 4034 1189 4115 est,
1205 4050 1294 4119 quo-

171 4158 247 4202 rum
271 4135 516 4205 enarrationem
534 4135 569 4202 in
589 4134 730 4220 scholis,
766 4158 787 4202 a
807 4134 954 4203 Caecilio
976 4133 1294 4226 Epirota'int'rodu-

172 4249 285 4328 ctam,
309 4238 518 4334 improbaret
528 4236 853 4335 Domitius'Marsus.
903 4236 1089 4332 Hic'igitur
1103 4259 1147 4309 ex
1159 4236 1197 4305 iis
1211 4243 1293 4324 erat,
