2768 4838
155 250 237 327 rot
399 272 457 325 na
481 274 514 325 o.
539 266 1043 325 sarracenatorum·

156 424 266 519 igitur
285 423 458 518 componit
472 446 549 494 eum
568 418 647 497 carn
660 422 784 513 Cinna,
808 423 866 493 illo
889 418 1011 515 poeta,
1037 419 1092 490 coi
1111 416 1274 517 Virgilius

157 550 235 597 anas
248 528 410 619 probatas
432 550 506 597 esse
525 529 597 597 vult
616 528 783 621 Eclogrs,
807 549 953 617 eumque
967 524 1074 594 Cinna
1091 523 1275 614 procacio·
1328 548 1333 557 ·

157 650 231 699 rem
245 630 349 698 fuisse
362 629 417 700 ait
468 630 553 715 Quis
567 653 649 699 vero
667 640 737 715 est,
763 630 822 720 qui
835 630 904 697 boc
923 629 958 697 in
979 626 1051 718 ejus
1070 626 1274 717 vituperium

157 732 286 803 dictum
300 754 374 801 esse
386 734 510 825 putet?
542 732 590 802 Et
602 734 656 815 cui
669 733 846 827 probabile
863 739 930 818 est,
957 729 1118 799 Ovidium
1133 728 1178 796 ab
1198 728 1275 798 An-

158 836 240 905 seris
253 835 409 927 exemplo
422 857 503 905 suae
525 836 722 928 impuritatis
742 844 776 904 et
794 834 1007 928 procacitatis
1026 832 1275 900 excusationem

156 939 307 1032 petiisse,
325 926 362 1004 ‘si
377 938 411 1005 in
429 938 522 1006 nulla
535 939 592 1007 ille
611 939 704 1031 apud
716 940 889 1006 Romanos
912 937 1030 1005 fuisset
1048 934 1149 1003 laude
1172 944 1276 1024 atque

156 1040 313 1111 bonore?
338 1037 479 1117 Ovidius
493 1036 602 1111 nullos
615 1043 698 1110 alios
710 1041 746 1110 in
757 1042 816 1109 illo
832 1041 977 1108 carmine
991 1048 1143 1107 recenset
1152 1047 1275 1129 poetas

157 1166 240 1228 uec,
267 1145 295 1211 si
308 1164 445 1212 caussae
464 1166 544 1213 suae
559 1146 734 1214 consulere
747 1144 865 1230 vellet,
888 1164 1065 1211 recensere
1076 1142 1197 1233 potuit,
1212 1141 1276 1208 nisi

157 1268 301 1336 quorum
313 1247 461 1314 carmina
474 1248 607 1317 Romae
617 1248 663 1316 ob
679 1248 823 1338 aliquam
836 1246 1075 1339 praestantiam
1089 1253 1123 1312 et
1136 1245 1275 1311 virtutes

157 1349 273 1440 magni
287 1350 540 1418 aestimarentur
553 1360 587 1419 et
598 1353 742 1421 lectione
755 1351 1057 1439 frequentarentur.
1097 1346 1276 1431 Quemad-

157 1451 298 1520 modum
318 1452 421 1543 igitur
444 1453 569 1539 cinna,
594 1462 633 1522 ut
651 1477 731 1522 mox
750 1453 948 1537 videbimus
971 1458 1131 1543 poemata
1145 1449 1278 1541 scripsit

157 1554 318 1622 amatoria
333 1548 439 1642 eaque
453 1555 667 1642 obsceniora‚
692 1557 738 1625 ita
762 1557 863 1625 etiam
883 1544 1053 1623 Anserem
1070 1552 1190 1621 iisdem
1214 1552 1278 1621 ali-

159 1678 267 1749 quarn
276 1656 416 1723 nominis
433 1658 617 1749 claritatem
633 1669 852 1727 consecutum
868 1681 941 1726 esse
956 1666 1061 1750 patet.

262 1758 495 1847 Quamquam,
520 1769 655 1853 praeter
670 1760 738 1829 boc
755 1759 869 1829 Ovidii
881 1759 1124 1843 testimonium,
1146 1755 1277 1824 nullum

158 1857 249 1929 aliud
261 1860 305 1929 ad
319 1860 554 1931 vindicandam
568 1865 704 1933 Anseris
727 1865 923 1955 dignitatem
947 1873 981 1932 et
996 1861 1132 1929 laudem
1153 1856 1277 1925 afferre

158 1985 298 2055 possum
312 1966 423 2051 neque
436 1967 589 2052 omnino,
615 1967 709 2055 quod
730 1968 850 2048 sciam,
876 1966 954 2033 alibi
968 1965 1039 2057 ejus
1060 1971 1165 2032 exstat
1180 1984 1279 2029 men-

159 2063 224 2145 tio,
249 2066 311 2134 nisi
325 2066 414 2134 forte
426 2066 503 2139 ¹buc
515 2071 653 2137 traxeris
669 2079 855 2137 truncatam
873 2070 966 2137 illam
982 2066 1185 2135 Glossatoris
1199 2063 1279 2132 Vir-

10 2202 15 2211 ·
72 2156 83 2177 ⁸
159 2167 231 2260 gilii
246 2168 291 2235 ad
306 2166 436 2262 Georg.
451 2170 494 2239 ll.
523 2169 610 2239 4⁰2.
636 2182 768 2257 notam,
795 2195 897 2262 quam
914 2195 957 2239 ex
975 2180 1040 2238 vet.
1059 2168 1146 2239 cod.
1162 2166 1279 2258 virgil

161 2269 266 2339 edidit
282 2266 385 2385 Casp.
402 2272 563 2353 Bartbius
578 2273 722 2345 Advers.
743 2274 819 2345 Lib.
832 2273 1006 2345 XXXVII.
1022 2297 1051 2340 c.
1067 2269 1103 2344 5.
1116 2294 1152 2365 p.
1168 2268 1281 2339 1681.

160 2521 303 2590 oculosque
315 2521 343 2576 ia
355 2521 529 2575 Mentnennm
541 2524 632 2575 vatam
646 2527 840 2587 converterent,
856 2521 895 2593 ita
907 2520 989 2577 stiam
999 2537 1032 2574 co
1045 2519 1175 2586 majorem
1184 2525 1283 2595 aequa-

160 2590 227 2644 liurn
240 2597 380 2658 poetarum
399 2589 527 2644 invidiam
541 2597 568 2643 et
585 2592 803 2646 obtractationem
815 2592 917 2646 auctori
932 2591 1109 2651 concitarent,
1127 2606 1181 2657 quo
1195 2589 1283 2657 magis

160 2659 275 2712 lomense
286 2676 354 2712 unus
365 2658 482 2727 itemque
489 2661 556 2713 alter
571 2676 663 2712 eorum
677 2676 692 2712 e
709 2679 740 2715 re
751 2679 800 2715 sua
819 2663 1011 2725 ascisceret,
1037 2665 1194 2711 crescentem
1206 2658 1284 2710 illum

161 2735 269 2795 poetam
292 2727 373 2781 viridi
391 2729 531 2785 excludere
551 2729 687 2783 Helicone.
715 2731 776 2815 'Fac
792 2731 890 2800 igitur,
915 2727 1199 2813 cornificium-istum,
1223 2744 1284 2793 per-

161 2797 1168 2943 ttttsttitittlctlttlttttttirrltllitttttt
1182 2802 1286 2918 illi

162 2949 238 2988 mum
252 2934 389 2988 inimicum
407 2935 491 2988 luisse
509 2938 661 3003 credamus,
677 2939 838 3005 minimeque
860 2957 877 2992 a
892 2956 956 2992 vero
967 2949 1073 3005 prorsus
1092 2937 1233 2998 abhorret,
1251 2933 1286 2986 il·

161 3003 220 3058 lum
236 3020 253 3056 a
268 3003 382 3073 Virgilio
398 3005 463 3059 uelo
513 3007 545 3059 ll·
563 3007 626 3073 ill,
650 3024 718 3074 quae
736 3025 762 3062 a.
782 3010 815 3062 U.
829 3010 858 3063 0.
873 3008 934 3061 711.
955 3007 1053 3074 scripta
1066 3012 1123 3069 est,
1148 3005 1197 3057 sub
1210 3002 1286 3056 stulti

162 3074 213 3127 Am
251 3080 296 3133 tae
311 3089 420 3139 persam
435 3074 570 3138 reticeri,
587 3081 618 3127 nt
637 3076 744 3131 Servius
760 3076 807 3132 ait.
848 3078 939 3143 Neque
956 3093 1020 3129 casu
1039 3076 1139 3127 iactum
1160 3074 1285 3137 arbitror,

162 3089 318 3203 utdlldlus
331 3142 501 3196 cornificium
521 3161 583 3199 cum
596 3145 695 3214 Cinna,
712 3147 810 3199 Ansere
830 3155 857 3199 et
870 3148 969 3200 Getone
986 3149 1166 3210 componeret,
1190 3142 1287 3210 quibus

164 3228 226 3264 curn
236 3215 322 3265 aetate
334 3229 441 3274 parom,
457 3213 570 3282 Virgilio
584 3222 672 3268 autern
690 3215 765 3269 annis
778 3216 969 3283 provectiorem
984 3215 1065 3266 luisse
1080 3229 1181 3266 censeo.
1211 3213 1286 3264 Haec

163 3278 188 3333 sl
201 3280 404 3348 probabilitere
417 3281 493 3334 nobis
506 3283 726 3350 disputaturum,
743 3284 852 3352 egregie
867 3286 990 3337 firmatur
1005 3284 1071 3337 rich.
1088 3281 1167 3334 Statii
1186 3280 1286 3348 opinio,

164 3365 221 3415 qua
238 3350 285 3401 bic
296 3348 451 3403 cornificius
469 3351 517 3404 ille
535 3357 589 3416 eat,
612 3354 741 3421 adquam
759 3355 880 3407 Catullus
899 3355 988 3406 cerm.
1006 3351 1151 3405 xxxviii.
1168 3349 1286 3416 scripsita

164 3416 208 3471 cul
222 3420 365 3471 sententiae
379 3418 460 3471 etiarn
473 3421 641 3475 Burmannus
654 3424 689 3476 ad
707 3422 784 3476 Ouid.
804 3424 824 3480 Ι.
835 3441 858 3475 c.
881 3438 907 3491 ρ.
922 3421 982 3476 536.
1000 3422 1195 3488 adstipulatur,
1218 3420 1287 3472 ialso

164 3490 253 3540 tamen
264 3487 291 3539 ei
302 3504 408 3541 nemrim
421 3486 535 3556 aliquem
548 3491 678 3549 tribueres
694 3509 720 3546 v.
733 3495 828 3560 Propr.
840 3510 876 3546 m.
898 3494 930 3545 de
944 3492 1050 3544 Horatii
1058 3491 1202 3543 Obtrectet.
1222 3491 1246 3554 §.
1260 3487 1286 3540 li.

164 3556 283 3609 Fuerunt
295 3573 358 3609 saue
376 3559 464 3624 pluras
479 3559 525 3612 ilio
543 3565 661 3627 tempore
679 3561 826 3615 Cornificiir
846 3579 880 3615 ex
899 3563 942 3614 bis
960 3579 1044 3628 uuus,
1069 3560 1115 3627 qni
1136 3560 1168 3611 de
1184 3557 1287 3624 Elymia

164 3623 285 3695 scripsit,
303 3628 471 3681 ablacrobio
489 3627 626 3695 quinquies
639 3638 813 3685 memoratus:
830 3649 907 3698 quesn
927 3631 992 3683 illud
1012 3647 1077 3698 opus
1092 3635 1152 3696 post
1167 3627 1251 3680 editos
1269 3642 1289 3678 a

165 3693 293 3747 Cicerone
307 3695 333 3747 d.
348 3696 407 3750 Nat.
422 3698 501 3752 Deos.
516 3697 599 3751 libror
619 3699 666 3770 (b
686 3717 710 3753 e·
725 3707 782 3767 post
801 3717 844 3754 arr.
862 3702 895 3753 U.
911 3702 941 3753 (l.
952 3700 1037 3768 toa.)
1055 3714 1192 3761 exarasse,
1216 3699 1289 3763 patet

165 3777 198 3846 er
214 3763 334 3819 Macrob.
345 3766 402 3819 Sat.
416 3768 437 3820 l.
450 3785 474 3820 c.
487 3766 515 3825 9.
526 3785 552 3833 p.
566 3767 628 3821 bii·
647 3770 736 3832 ‚pem
749 3778 775 3824 et
792 3770 943 3839 Cornificius
955 3771 1107 3836 Etymornm
1122 3768 1186 3818 libro
1201 3766 1288 3828 tertio,

166 3831 275 3896 (lacero,
292 3833 393 3901 inquit,
409 3853 459 3889 non
475 3836 568 3890 lanum
579 3839 624 3891 sed
637 3839 741 3892 Eanum
756 3839 919 3893 nominatab
932 3839 1054 3891 eundo=“
1079 3836 1175 3903 quibus
1188 3835 1216 3888 in
1227 3851 1290 3887 νοι-

166 3898 209 3953 bl·
222 3899 305 3953 01⁶0?-
321 3905 347 3956 d·
363 3902 543 3968 N.n.11‚tt.
558 3906 697 3960 manifeste
709 3910 856 3976 respicitur.
898 3908 951 3963 Hic
971 3908 1033 3975 qnia
1051 3907 1121 3959 idem
1135 3906 1185 3968 sit,
1210 3920 1290 3970 quern

166 3967 418 4035 Fauoniaster.
438 3975 514 4027 l'erb.
534 3975 609 4046 Siga.
630 3977 770 4044 ettqmrtee
786 3979 932 4044 allegarit,
961 3979 1049 4029 nullos
1068 3975 1176 4037 dnbito;
1202 3973 1239 4025 cl.
1256 3973 1288 4027 c.

166 4036 263 4122 B‘l‘ll'·
277 4039 311 4121 ad
322 4040 388 4094 stat.
402 4043 444 4095 lV.
455 4043 516 4115 ΙΊῚι.
530 4062 555 4096 r.
569 4045 629 4100 482.
647 4047 681 4101 T'.
695 4049 728 4101 lt
743 4066 769 4114 p.
782 4047 878 4111 1115.;
901 4065 935 4101 en
953 4063 1018 4098 sero
1033 4045 1081 4098 ille
1099 4043 1133 4096 sit
1149 4045 1181 4110 Q.
1197 4041 1290 4097 corni·

165 4106 260 4171 fl⁶¹⁸¹⁸2
278 4108 411 4171 0¹⁰⁰r⁰i⁸ls
422 4112 530 4167 mntem
543 4120 570 4167 er
585 4115 760 4186 inaugurato
780 4119 900 4184 collega,
917 4115 1063 4171 cul'iibros
1078 4114 1112 4166 ad
1126 4111 1292 4167 Herennium

165 4191 249 4241 nuper
271 4175 443 4246 Spaldingius
457 4184 493 4235 art
506 4183 616 4250 Quintil.
636 4185 717 4241 1..οι
737 4187 785 4240 lli.
809 4189 835 4253 lp
852 4188 897 4241 Ἢ.
921 4186 957 4239 Τ.
977 4182 1125 4251 Lpfdib.
1142 4181 1291 4246 vindicarit

166 4243 224 4312 (ab
233 4251 327 4303 men
338 4247 577 4322 Scbitaiii’roleg.
586 4253 764 4329 astillieibr..
772 4272 799 4323 p.
814 4256 964 4327 Xffli),
981 4250 1291 4313 noezensinnttirmore
