2768 4838
429 274 516 332 ,nn
557 272 758 325 ΗΕΗΟ
795 272 975 332 PORTA,

156 427 383 522 Philosophus
403 438 438 501 et
456 429 748 523 Tlnaumaturgus‚
789 430 870 520 qui,¹
901 429 1057 522 Augusto
1087 427 1284 518 imperante,

157 533 315 624 Παίγνια
353 555 424 605 uon
450 543 520 603 tam
547 532 777 627 philosophici
800 553 904 621 quana
934 532 1059 625 magici
1092 532 1280 622 argumenti

156 635 305 726 scripsitt
327 635 406 704 ¹vid.
431 633 688 727 vossiusorig.
711 634 886 705 Idololatr.
908 633 935 706 Ι.
956 631 992 704 6.
1022 656 1059 727 p.
1082 630 1145 701 45.
1172 642 1207 701 et
1224 632 1278 702 Le

156 737 255 809 Clcre
277 736 364 809 Hist.
381 737 425 806 de
441 736 625 817 Medocina
646 736 762 808 P.·lll.
781 737 875 808 Libr.
899 736 928 806 1.
943 760 973 807 c.
990 734 1025 806 l.
1040 759 1077 828 p.
1094 731 1170 803 561
1187 758 1238 824 sq.

256 840 340 910 dam
355 840 440 908 sicut
450 840 538 909 haee
553 839 765 910 Graecorum
779 839 922 930 scripta,
946 837 1123 929 coercitos
1143 840 1278 907 nomine

156 943 262 1030 dieta,
287 943 324 1010 in
340 943 496 1010 confesso
513 952 564 1011 est
579 944 681 1012 fuisse
702 942 822 1010 ludicri
840 940 1018 1031 mollisque
1031 940 1221 1033 argumenti
1235 964 1276 1008 ac

154 1047 359 1139 petulantiae
377 1045 532 1135 adeoque
551 1046 655 1136 plena
676 1044 908 1127 obscenitatis;
940 1044 986 1112 ita
1012 1044 1131 1113 Laevii
1149 1044 1276 1111 Eroto-
1367 1060 1369 1067 ·

154 1147 301 1240 paegnia
315 1147 442 1216 nullam
463 1147 592 1216 habent
615 1147 875 1230 dubitationem,
908 1147 988 1235 quin
1008 1146 1188 1215 amatorios
1209 1168 1278 1238 po-
1322 1132 1325 1145 ¹

155 1252 318 1320 tissimum
333 1250 511 1342 complexa
529 1250 593 1318 sint
605 1250 714 1335 lusus,
738 1251 774 1317 in
788 1249 908 1338 quibua
931 1271 975 1323 an
995 1248 1131 1317 vitanda
1153 1248 1278 1317 verbo-

79 1372 83 1391 ’
155 1376 229 1422 rum
240 1352 446 1444 turpitudine
458 1374 639 1441 rerumque
659 1350 865 1420 obscenitate
878 1349 1120 1442 ingenuitatem
1134 1352 1279 1442 praesti-

156 1457 232 1525 terit
255 1477 297 1522 ac
315 1454 484 1547 pudorem
511 1454 642 1522 liberali
663 1453 803 1545 dignum
823 1451 979 1538 homine,
1015 1451 1051 1521 id
1074 1451 1212 1541 quidem
1232 1456 1279 1523 ob
1332 1494 1339 1501 -

156 1559 290 1627 testium
304 1557 480 1648 penuriam
498 1566 535 1647 et
554 1556 847 1649 Fragmentorum,
872 1577 961 1646 qnae
976 1552 1165 1647 supersunt,
1188 1577 1278 1648 pau·
1352 1554 1355 1559 ’

157 1661 293 1729 citatem
314 1659 446 1728 deliniri
477 1658 603 1748 nequit.
673 1656 851 1748 Quidquid
868 1679 953 1726 vero
975 1656 1048 1748 ejus
1066 1657 1119 1726 rei
1138 1666 1204 1745 est,
1242 1652 1284 1726 id

157 1764 305 1832 omnium
319 1761 536 1831 certissimum
550 1770 618 1848 est,
642 1758 733 1828 banc
752 1761 864 1851 operis
884 1754 1203 1854 Ἐρωνοπαιγνὶων
1226 1760 1280 1827 in-

156 1866 391 1957 scriptionem,
418 1864 488 1932 siva
505 1870 690 1932 mutuatam
709 1863 754 1930 ab
775 1863 864 1948 aliis,
897 1861 971 1955 sive
988 1863 1032 1957 ab
1054 1863 1136 1955 ipso
1152 1862 1280 1933 Laenio

155 1969 298 2057 factam,
324 1975 359 2036 et
373 1989 489 2036 veram
503 1988 594 2055 esse,
621 1974 656 2034 et
673 1965 725 2034 rei
741 1962 1130 2035 accommodatissimam.
1182 1965 1280 2051 Qua-

156 2080 298 2163 propter
312 2070 425 2143 neseio
440 2069 521 2160 quid
542 2070 577 2137 in
599 2078 747 2137 mentem
762 2066 891 2137 venerit
902 2064 1110 2157 Mosellano,
1143 2069 1203 2158 qni
1221 2092 1276 2162 ap.

157 2174 342 2243 Ausonium
372 2173 394 2240 l.
427 2196 457 2241 e.
482 2169 788 2266 Κροτοπανγνίων
819 2171 941 2259 libros,
985 2192 1073 2239 roco
1104 2164 1179 2265 duo*
1209 2171 1280 2245 τοῦ

156 2270 291 2368 κρόνου
324 2276 347 2345 i.
369 2297 399 2344 e.
431 2275 574 2367 plausu,
603 2274 763 2360 formata,
795 2273 866 2366 legi
885 2271 1018 2360 maluit,
1051 2281 1184 2341 notatus
1202 2272 1279 2366 jam

158 2402 199 2448 eo
210 2379 348 2454 uomina
370 2375 619 2468 aGlandorpio
637 2376 672 2444 iu
690 2374 814 2445 Onom.
833 2399 869 2469 p.
885 2371 972 2446 516.
996 2384 1031 2450 et
1045 2375 1212 2446 Scriverio
1234 2376 1280 2445 ad

156 2480 279 2565 Raudii
294 2481 437 2550 Amores
454 2479 655 2570 (Amstelod.
666 2476 795 2570 1638.)
810 2502 846 2571 p.
862 2476 954 2551 413.
1255 2483 1261 2495 '

195 2578 199 2588 ’
257 2574 356 2653 Haec
377 2583 494 2651 Laevii
512 2581 766 2675 Erotopaegnia
786 2581 953 2650 fuerintne
974 2578 1066 2648 leves
1087 2579 1177 2670 iique
1198 2579 1280 2649 bre-

157 2686 266 2755 viores
287 2686 415 2779 ingenii
440 2687 530 2755 lusus
565 2693 599 2752 et
627 2685 670 2754 de
693 2685 861 2754 amoribus
880 2706 1012 2775 nugae,
1050 2681 1281 2775 eujusmodia

160 2787 313 2879 Catullo,
346 2789 471 2874 Calvo,
505 2786 613 2856 Cinna
641 2788 781 2877 aliisque
803 2788 942 2879 scriptas
965 2808 1039 2854 esse
1059 2794 1216 2872 constat,
1238 2807 1281 2855 an

158 2914 270 2961 rerum
285 2892 519 2959 amatoriarum
528 2899 569 2985 et
580 2890 784 2960 ludicrarum
797 2890 933 2959 fabulae
948 2898 982 2958 et
994 2889 1197 2958 narrationes
1211 2905 1280 2957 nno

159 2995 308 3085 quodam
331 3003 447 3062 tenore
471 3016 512 3060 ac
530 3015 619 3062 nexu
635 2993 789 3062 versibus
808 2993 1000 3087 expositae,
1030 2990 1067 3059 id
1089 2992 1226 3081 quidem
1246 2992 1280 3059 in

159 3106 248 3168 tanta
263 3098 546 3189 Fragmentorum
557 3097 726 3187 paucitate
739 3096 839 3165 valde
863 3105 913 3166 est
933 3096 1141 3187 ambiguum.
1191 3095 1281 3164 Nam
1371 3166 1373 3170 ,

138 3277 142 3283 ,
160 3201 221 3283 etsi
234 3201 379 3279 Laevius
394 3224 449 3291 ap.
467 3199 615 3268 Gellium
635 3201 679 3268 N.
692 3199 794 3268 Attio.
810 3197 886 3269 Lib.
902 3199 995 3267 xlx.
1011 3221 1040 3265 e.
1055 3194 1094 3268 9.
1115 3220 1193 3264 cnm
1206 3197 1281 3283 illis,

161 3325 243 3394 quos
264 3304 369 3372 modo
397 3303 491 3390 dixi„
513 3303 642 3395 poetiS,
684 3302 775 3369 facta
795 3303 1020 3387 contentione,
1059 3300 1281 3390 componitur,

161 3406 299 3499 ejusque
312 3408 458 3473 cannino
473 3405 660 3497 implicata
673 3428 786 3494 neque
803 3406 872 3472 ullo
886 3413 988 3496 pacto
1004 3425 1082 3470 curn
1102 3402 1281 3472 fluentibus
1325 3404 1327 3409 ’

160 3510 241 3602 ΤαίἱΙ
257 3518 381 3601 poetae
403 3509 528 3577 deliciis
554 3507 782 3599 comparanda
803 3517 997 3591 censentur,
1021 3513 1151 3591 tamon,
1177 3528 1282 3595 quum

159 3612 414 3705 Erotopaegniis
429 3613 589 3702 inplures
603 3611 744 3705 Libros,
771 3633 914 3700 quorum
935 3617 1063 3694 sextus,
1088 3617 1127 3677 ut
1147 3608 1280 3679 videbi-

160 3739 251 3802 mus,
277 3740 299 3783 a
313 3715 546 3783 Grammaticis
561 3723 784 3799 memoratur,
808 3714 932 3783 fuerint
947 3711 1068 3798 divisa,
1093 3711 1192 3780 facile
1206 3710 1280 3801 quis

80 3850 85 3859 ·
160 3818 272 3887 induci
289 3827 421 3911 potest,
447 3841 489 3886 ea
512 3826 550 3887 ut
569 3817 724 3910 longiore
743 3817 871 3885 ambitu
889 3823 924 3884 et
942 3816 1130 3907 argumenti
1152 3838 1281 3908 perpe·

160 3923 275 3991 tuitate
290 3922 436 4012 quadam
449 3921 614 4011 metuique
632 3919 843 4012 similitudine
864 3927 1019 3986 contexta
1030 3917 1133 3988 fuisso
1154 3918 1279 3992 erodat.
1309 3956 1312 3961 ·

161 4025 232 4093 Sed
248 4049 352 4116 quum
367 4034 503 4117 praeter
522 4022 591 4092 hoc
606 4021 885 4116 Erotopaegnion
901 4016 989 4114 opus
1005 4022 1106 4091 etiam
1125 4020 1190 4091 alia
1206 4013 1281 4091 mc·

122 4157 129 4175 .
159 4138 332 4211 morentur
351 4129 468 4197 Laevii
491 4127 654 4212 earmina,
686 4126 866 4210 maximam
888 4133 1021 4216 partem
1039 4121 1183 4211 eodem,
1214 4147 1283 4215 qno

110 4322 112 4327 Ι
160 4234 237 4324 illa,
270 4233 459 4327 conscripta
479 4240 605 4319 metro,
630 4253 719 4320 quae
738 4238 851 4299 tamen
873 4218 1012 4299 dubium
1037 4236 1102 4309 est,
1128 4227 1284 4319 Tragoe-
