2768 4838
58 214 60 219 ι
136 250 218 329 Ill
335 226 1045 329 ιιιιιιιιιιιιιοιιιιιιιιιιιιοιι

135 445 209 523 tur,
234 441 371 504 anotm
392 430 503 555 iliona
523 429 619 503 cos.
639 428 905 505 ubr.x1.vllt
918 456 949 503 e.
963 427 1026 502 45.
1064 432 1140 502 Sed
1162 431 1262 501 idam

135 532 328 626 Menas‚'
290 528 454 661 aaaoadc
470 560 513 609 aa
535 530 644 628 odota
665 562 717 609 aar
738 529 866 609 sol
815 563 863 610 ea
880 534 952 611 soii
964 534 1181 632 -spas'aaoroe
1197 531 1260 608 aiei

134 629 368 739 depravatior,
394 645 433 707 nt
445 638 493 707 uit
506 638 574 708 nio
588 636 723 709 cassius
739 640 834 709 libr.
847 639 918 709 Io.
927 635 989 707 54.
1002 662 1033 711 a
1046 639 1093 709 U.
1110 638 1153 711 0.
1163 638 1258 708 718.

133 744 177 815 ln
199 742 248 812 ad
271 740 364 812 Sext
387 726 592 835 Pompejnm
617 742 716 812 rediit
736 751 789 829 et,
821 740 918 811 elada
941 740 1129 811 Octaviam
1149 743 1258 831 illsts,

132 845 235 940 bajus
246 844 539 939 pollicitationibus
552 846 717 936 veniaque
733 843 899 915 addnetns
911 844 1024 915 denno
1037 846 1130 915 Sext
1143 847 1259 915 Pom*

131 949 251 1043 pojum
280 946 428 1016 domnail
450 946 573 1017 eodem
601 970 710 1035 anno,
749 959 788 1018 at
810 948 920 1039 tradit
938 949 1006 1018 Dio
1038 948 1133 1018 Cass.
1156 948 1257 1021 Libr.

132 1050 256 1121 XLIII.
271 1072 301 1119 e
311 1049 353 1119 ·l.
385 1050 489 1119 Periit
508 1072 540 1119 a.
553 1048 598 1121 U.
614 1049 655 1121 0.
676 1049 763 1124 alti.
778 1051 813 1121 in
824 1052 1014 1138 Pannonia,
1040 1061 1126 1120 teste
1140 1052 1258 1122 Ilione

133 1154 228 1224 Cass.
241 1152 335 1223 libr.
348 1153 371 1221 I.
384 1174 414 1223 a.
429 1152 490 1222 dl.
524 1154 604 1223 Non
629 1163 681 1223 est
701 1154 876 1247 proiecto,
912 1155 1006 1246 qnod
1026 1155 1257 1225 levidensibus

132 1256 329 1327 diversitatis
342 1255 428 1324 notis
439 1256 567 1325 indneti
585 1257 619 1325 in
642 1255 782 1327 dnbinm
805 1280 965 1327 vocemus
986 1256 1257 1328 Scholiastarnm

32 1428 35 1433 ⁴
131 1360 237 1430 fldem
255 1359 528 1447 anatomiam,
551 1358 646 1427 hune
659 1361 771 1453 ipsnm
784 1359 941 1448 Menam,
959 1360 1124 1453 -I'ompeji
1145 1362 1258 1431 liber··

115 1467 223 1550 tam,
247 1470 341 1531 tanta
353 1462 542 1531 iamborum
556 1464 651 1532 rabis
671 1464 855 1533 baernam
868 1487 943 1535 esse
959 1464 1002 1533 ab
1017 1465 1163 1533 Horatio
1176 1465 1257 1557 ³⁰).

40 1566 45 1581 “
131 1565 222 1635 Mihi
235 1565 373 1656 quidem
386 1564 519 1633 videtur
532 1564 619 1634 haee
633 1566 778 1659 Epodos
792 1569 979 1660 composite
995 1589 1068 1637 esse
1088 1590 1154 1660 per
1168 1566 1258 1637 illud

132 1678 285 1763 tempus,
301 1688 379 1759 qao
392 1668 455 1737 iate
474 1667 580 1737 homo
596 1669 642 1737 ob
665 1669 833 1762 perfidam
852 1694 874 1739 a
891 1670 984 1740 sert
1002 1670 1175 1764 Pompejo
1195 1672 1258 1741 lu-
1311 1699 1314 1704 ⁴

131 1794 216 1865 gam
242 1770 390 1885 equestri
414 1770 578 1864 dignitate
610 1773 854 1842 condecoratus
881 1772 928 1842 ab
955 1770 1162 1877 Octaviano,
1183 1775 1257 1844 ior·

131 1883 220 1945 tasse
236 1854 384 1943 Romatio
399 1874 581 1965 aliqnando
597 1885 735 1946 venerat
749 1884 785 1944 et
802 1876 851 1945 ibi
869 1865 1063 1969 importuno
1076 1876 1169 1947 Iustu
1190 1900 1256 1949 suo

130 2000 296 2047 summam
310 1978 458 2045 omnium
471 1979 506 2045 in
519 2000 557 2047 se
573 1980 797 2047 concitaverat
812 1980 1085 2073 indignationem.
1134 1983 1257 2053 Hora-

130 2081 194 2149 liae
219 2080 287 2149 bae
309 2081 479 2148 oommnni
499 2080 648 2149 omnium
672 2082 943 2175 indignatione
933 2105 1089 2152 mcensns
1111 2084 1148 2153 in
1176 2108 1257 2157 eam

129 2183 347 2253 vehementer
365 2182 532 2252 invehitur
546 2184 720 2276 pristinam
743 2186 987 2278 ignobilitatem
1005 2196 1040 2254 et
1056 2188 1258 2261 servitutem

32 2314 36 2323 ·
129 2287 163 2356 ei
185 2287 392 2381 exprobrans
415 2286 558 2381 ejusque
582 2288 758 2383 indignam
785 2312 919 2358 mornm
940 2291 1155 2361 insolentiam
1176 2310 1257 2363 aar·

229 2413 262 2463 v.
279 2385 316 2462 b

127 2412 213 2484 pem
229 2494 333 2564 iacet
358 2490 534 2585 werdae
557 2489 719 2559 asnbales
736 2490 914 2581 pecaniar

293 2594 454 2663 Fortasse
476 2614 547 2663 aaa
570 2598 684 2660 motat
709 2612 834 2692 genus.
907 2666 912 2673 ,

226 2694 404 2783 iidem,
424 2712 572 2763 sairam
593 2695 757 2764 metiente
780 2703 817 2764 te
840 2694 939 2764 mam

297 2796 389 2867 cnm
412 2795 467 2866 bia
490 2804 547 2866 tes·
570 2799 739 2867 alearum
762 2804 865 2891 toga,

236 2897 287 2969 Ut
310 2920 377 2968 ora
401 2907 521 2968 vertat
545 2900 616 2970 brae
640 2908 676 2970 et
700 2902 771 2971 bae
795 2900 950 2971 watham

144 3034 148 3043 ·
292 3000 499 3072 monimo
522 2998 752 3098 indignatio?

128 3104 208 3174 Non
220 3105 343 3174 mirum
361 3128 419 3175 me
437 3106 542 3175 babet
561 3105 746 3177 istiusmodi
761 3115 877 3200 gestas
896 3105 1097 3196 habitasque
1123 3108 1158 3177 in
1181 3109 1256 3181 ho-

127 3210 238 3296 mine,
264 3210 322 3300 qni
335 3231 445 3303 nuper
457 3210 701 3279 militaveratin
714 3210 932 3302 ejaocaotris‚
961 3210 1018 3299 qni
1039 3234 1076 3277 se
1097 3212 1256 3304 Neptuni

127 3312 235 3380 lilium
249 3313 421 3381 confessae
441 3312 526 3402 (vid.
539 3314 607 3383 Dio
623 3311 716 3383 cass.
731 3314 824 3382 Libr.
839 3313 994 3382 XLVIII.
1017 3336 1047 3379 c.
1063 3310 1123 3405 19.
1139 3316 1255 3392 0148.

127 3414 208 3506 ibiq.
225 3415 338 3509 Intpp.
351 3414 395 3487 T.
411 3415 454 3484 V.
468 3440 503 3507 p.
518 3411 606 3485 55⁰.
623 3417 710 3508 St),
736 3440 857 3509 graves
868 3416 1051 3508 jactantiae
1065 3438 1147 3489 snae
1159 3444 1255 3512 poe-

126 3540 186 3588 nas
206 3517 252 3587 od
273 3517 389 3611 Mylas
411 3517 506 3588 dedit
524 3542 554 3589 a.
570 3520 617 3592 U.
638 3519 680 3595 Ο.
700 3520 725 3590 'l
729 3518 809 3612 18„
836 3541 914 3588 enm
933 3527 1036 3589 actos
1044 3517 1150 3612 freto
1169 3524 1254 3598 Ne-

121 3628 269 3714 Pmm
334 3724 424 3795 Dea·
438 3722 566 3818 figit,
589 3726 677 3796 ostia
699 3725 850 3796 navibus

230 3825 393 3900 M'mataa
423 3827 513 3899 Urbi
536 3830 674 3916 amia,
700 3853 792 3924 qnae
817 3830 1031 3899 detraxerat

335 3931 459 4005 Semo
480 3933 617 4005 mnibus
636 3932 801 4031 perfidis.

280 4198 412 4253 Videloo
412 4198 662 4327 laudardil'aua
685 4201 880 4256 adamationem
906 4197 1073 4254 resrdllratii
1062 4200 1176 4271 r.Eporl
1201 4203 1260 4269 tv„

130 4266 448 4324 onitlterlrnlealtria
464 4270 819 4342 &mneos'l'onpelnblr
836 4268 1105 4327 maurianen.
