2768 4838
369 332 483 399 Noa
524 333 727 384 annuo
768 332 957 384 roura.
1039 310 1044 319 ’
1197 305 1249 383 51

127 480 292 552 vibrando
317 481 511 576 duplicint:
544 490 683 574 putatur
697 482 796 553 enim
821 484 900 577 ἴυγξ
923 480 1045 555 eadem
1069 504 1144 553 esse
1167 482 1247 567 avia,
1337 507 1340 513 .

126 594 277 677 quaeet
302 585 504 679 cccoonoyic
535 609 561 658 s.
588 586 725 678 κίγκλος
756 585 894 656 dicitur:
919 585 965 656 de
986 610 1024 683 q.
1049 585 1117 658 vid.
1142 584 1247 656 com-

123 696 230 758 ment.
255 688 293 771 d,
323 687 364 759 G.
389 689 525 758 licinio
553 687 666 757 ealce
696 688 776 760 Not
803 687 883 773 ²³3
914 711 1011 761 secus
1036 709 1118 758 vero
1140 697 1246 759 satu-

124 801 186 860 nnt
209 791 284 877 alii,
329 813 415 883 quos
454 789 562 860 attulit
586 789 806 867 ‚Burmannus
838 789 884 861 ad
907 791 1045 864 annot
1069 790 1146 863 Lat
1168 791 1245 862 Lib.

125 893 168 965 V.
194 917 249 985 ep.
276 889 337 963 (li.
363 895 408 967 Τ.
437 893 480 964 11.
506 917 541 990 p.
568 890 655 965 854.
682 894 716 965 b.

228 1032 282 1049 —
305 1017 337 1067 v.
363 993 399 1068 d.
438 988 680 1065 Hinnienlium
712 993 918 1066 dulcedines
941 997 1129 1091 significant
1151 994 1246 1089 Ηφ-

120 1119 316 1192 maanes,
349 1098 462 1190 quod,
480 1112 483 1117 ’
498 1099 568 1168 sive
599 1099 710 1188 liquor
740 1100 921 1169 virulentus
954 1101 1017 1169 fuit
1040 1099 1085 1167 ab
1110 1097 1247 1192 inguine
1280 1088 1285 1105 ’

127 1198 253 1291 equae3
293 1201 353 1269 ubi
386 1201 519 1270 Venere
553 1202 706 1289 incaluit,
746 1199 935 1288 destillans,
967 1225 1027 1271 seu
1066 1200 1246 1271 cuuncula

125 1303 228 1373 fronti
254 1304 441 1377 adhaerens
465 1304 550 1397 pulli
573 1327 690 1383 recens
715 1304 784 1372 nati
815 1314 854 1377 et,
880 1306 926 1373 ab
951 1327 1040 1397 equa
1061 1313 1142 1396 post
1163 1327 1246 1398 por-

125 1416 197 1475 tum
218 1408 332 1476 statim
356 1406 534 1494 devorata,
567 1407 636 1476 sive
661 1406 808 1498 deniqne
830 1406 940 1477 herba
964 1407 1148 1495 Arcadica,
1178 1430 1247 1497 qua

125 1511 297 1579 veneticae
321 1510 520 1596 utebantur,
554 1511 693 1603 copiose
717 1509 918 1587 illustratum
949 1520 1002 1581 est
1025 1511 1069 1579 ab
1094 1500 1272 1602 luterpp.¹

125 1614 170 1682 ad
194 1613 314 1705 vagit
340 1612 469 1709 Georg.
494 1612 555 1686 ΙΙΙ.
580 1611 667 1687 28⁰.
691 1614 778 1688 Aen
802 1614 863 1691 lv.
900 1608 989 1689 515.
1014 1622 1051 1689 et
1072 1612 1246 1685 'l'lleocrit

634 1914 671 2017 §-
697 1917 734 1990 o.

226 2111 470 2206 Progredimur
494 2113 539 2183 ad
566 2137 623 2184 eas
650 2114 835 2193 carminum
859 2135 881 2180 a
898 2110 1029 2183 Laenio
1046 2112 1247 2206 scriptorum

125 2215 317 2306 Reliquias,
343 2218 501 2308 singulari
526 2218 797 2287 aGrammaticis
819 2217 1138 2308 allegatasnomine,
1162 2238 1246 2308 quaa

125 2328 240 2388 nostra
270 2322 432 2388 memoria
463 2332 538 2389 sunt
568 2323 629 2411 'qui
661 2343 704 2389 ex
738 2318 810 2412 ejus
841 2320 897 2387 vel
930 2318 1151 2411 Tragoedia,
1192 2318 1246 2387 vel

126 2420 322 2492 Comoediis
343 2432 492 2514 sumptas
513 2433 648 2516 putent,
671 2445 738 2516 ego
759 2432 873 2491 autern
893 2431 1021 2489 tantum
1040 2418 1110 2491 ndu
1128 2444 1252 2497 omnes,
1325 2510 1328 2515 y

125 2522 172 2591 ad
187 2523 340 2617 ejusdem
349 2517 604 2618 Erotopae'gnia
617 2529 785 2619 pertinere
805 2526 972 2618 suspicorz
996 2523 1063 2596 vid
1084 2520 1121 2620 §.
1140 2520 1177 2597 o.
1245 2590 1254 2619 ,

228 2627 255 2699 l.
280 2627 467 2697 Priscianus
492 2630 568 2700 Lib.
593 2628 651 2701 Vl
675 2651 711 2721 p.
727 2625 814 2700 719.
838 2630 878 2698 Ρ.
895 2665 947 2681 -
971 2626 1244 2721 „liumushumi

124 2730 207 2799 Hoc
230 2731 331 2798 etiam
355 2741 510 2801 neutrum
533 2733 661 2801 in-um
686 2732 838 2800 desinens
858 2728 1022 2799 invenitur
1037 2730 1132 2823 apud
1149 2733 1245 2800 vete·
1336 2800 1339 2805 ,

33 2842 36 2847 ’
124 2855 199 2920 res,
223 2828 407 2902 secundum
431 2835 525 2924 quod
556 2844 747 2929 opportune
777 2834 867 2903 hanc
892 2832 1148 2913 declinationem
1172 2857 1245 2903 ser-

124 2935 218 3006 vavit
239 2936 355 3006 Livius
379 2938 416 3005 in
439 2938 579 3006 Adone:

280 3038 440 3109 Humum
464 3039 649 3109 humidum
668 3036 824 3132 pedidus
838 3035 974 3132 sodil.“

125 3141 226 3212 Haec
250 3144 354 3212 verba
384 3144 422 3211 in
444 3144 531 3212 Livii
555 3143 738 3211 Andronici
762 3141 1034 3233 Tragoediamm
1056 3137 1248 3230 Fragmen-¹

125 3246 169 3314 tis
197 3255 419 3340 reposuerant
443 3248 483 3320 P.
509 3240 693 3316 Scriierius
717 3246 752 3313 in
779 3244 963 3314 Collectan.
983 3267 1024 3334 p.
1050 3240 1087 3313 1.
1113 3250 1151 3313 et
1171 3239 1251 3306 Bon

125 3334 217 3417 tirius
242 3350 281 3417 P.
297 3350 397 3421 Scen.
409 3350 485 3421 Lat.
499 3350 576 3424 Vol.
592 3353 628 3418 V.
644 3349 683 3419 P.
703 3346 737 3421 1.
751 3371 787 3440 p.
801 3344 837 3418 Ί.
862 3347 991 3416 Verum
1014 3345 1083 3411 huc
1102 3342 1146 3410 de
1159 3341 1247 3409 Fra-

128 3459 279 3544 gmenta
294 3475 397 3542 quarn
420 3451 604 3546 prudenter
630 3450 848 3543 disputaverit
873 3450 919 3521 G.
931 3450 958 3519 Ι.
973 3447 1120 3531 Vossius,
1145 3464 1247 3537 snpra

126 3551 165 3651 §.
191 3553 227 3626 o.
244 3556 355 3641 attuli.
409 3557 629 3648 Quapropter
653 3562 746 3623 recte
770 3552 928 3626 Krehlius
955 3573 980 3618 e
1002 3546 1089 3619 cod.
1112 3548 1184 3621 Erl.
1210 3543 1247 3617 2.

127 3682 185 3750 ap.
215 3658 372 3746 Priscian
404 3658 449 3731 Τ.
479 3659 518 3730 1.·
538 3683 574 3751 p.
606 3655 692 3726 218.
726 3656 832 3725 edidit
871 3652 1025 3724 Laevius
1056 3673 1125 3743 pro
1153 3650 1248 3741 vulg²

127 3760 250 3830 Licnias
274 3762 312 3831 in
335 3759 481 3831 Adone:
505 3760 550 3833 de
577 3761 672 3853 cujus
698 3760 915 3829 correctionis
934 3757 1073 3832 veritate
1091 3776 1153 3831 nos
1178 3772 1249 3821 nou
1345 3790 1352 3805 κ

127 3864 284 3934 dubitare
308 3864 384 3934 sinit
413 3866 487 3959 ipse
510 3865 716 3951 Priscianus,
758 3863 836 3955 qui,
873 3861 956 3928 duur
986 3865 1142 3928 neutrum
1173 3870 1276 3945 von¹
1339 3947 1343 3953 η

128 3968 257 4038 ummo
279 3968 373 4061 apud
397 3978 530 4041 veteres
553 3967 690 4037 inveniri
714 3966 778 4054 ait,
803 3964 897 4055 qnod
918 3970 1108 4055 opportune
1134 3981 1248 4064 acervas¹
1283 4035 1289 4043 ,

127 4072 214 4141 verit
236 4071 392 4142 Laevius
415 4072 453 4143 in
476 4071 621 4157 Adone,
643 4063 723 4143 'non
747 4075 881 4161 poterat
904 4087 1093 4143 memorare
1116 4061 1268 4141 Livium
1324 4116 1326 4122 ,

126 4173 378 4264 Andronicum,
410 4198 481 4267 quo
512 4178 613 4245 nemo
644 4170 824 4266 poctarum
847 4171 1049 4254 Latinorum¹
1075 4166 1140 4234 fuit
1164 4162 1251 4231 anti-

126 4279 246 4372 quior..
294 4278 350 4349 De
381 4279 602 4351 declinatione
641 4297 732 4346 nom.
765 4273 904 4355 Adonis
928 4272 1066 4364 copiose
1095 4263 1251 4358 exposuit
