2768 4838
277 313 326 363 an
350 314 384 381 q.
410 310 558 361 aoaann
582 306 712 359 raaces
736 304 1084 357 annaneanaontans.
1167 281 1244 356 271

124 472 235 567 poetis
255 462 429 564 praeferre
453 490 525 536 non
545 460 744 535 dubitarent.
806 463 877 534 Sed
901 463 984 555 quid
1006 485 1142 532 caussae
1168 486 1248 534 eum

123 577 310 669 impulerit,
325 645 327 649 ,
343 582 380 641 ut
399 573 550 639 ‘Ennium
579 579 616 637 et
637 567 822 637 Pacuvium
848 590 1034 655 eorumque
1064 553 1248 637 dramatico
1279 572 1281 577 ’

125 703 250 771 opera,
277 699 363 766 quae
385 675 527 770 Ciecro,
553 674 633 740 licet
659 672 799 740 fortasse
824 671 920 741 nimis
944 671 1069 739 amicas
1091 672 1250 742 Romano

125 783 265 865 nomini,
292 779 385 846 Libr.
402 778 427 845 1.
447 777 479 844 d.
493 776 566 844 Fin.
584 799 615 847 c.
633 773 668 843 2.
700 773 871 865 Euripidis
896 773 1018 857 fabulis
1041 776 1251 867 aequiparat,
1314 778 1317 789 “

128 884 346 975 contemptim
362 889 396 948 et
409 903 487 948 cum
503 881 615 968 aliqua
627 877 776 944 irrisione
790 887 1068 944 commemoraret
1087 878 1143 968 1),
1157 885 1192 945 et
1206 877 1251 946 de

126 986 238 1056 Plauti
252 984 397 1053 numeris
410 984 601 1071 salibusque
616 1004 711 1049 secus
732 1003 834 1070 quam
850 980 905 1046 alii
919 989 1088 1068 statueret,
1106 982 1203 1072 eique
1217 982 1253 1048 in

120 1088 355 1158 describendis
373 1110 413 1154 ac
431 1084 720 1178 repraesentandis
738 1083 912 1151 homiuum
933 1082 1082 1179 moribus
1103 1085 1251 1152 veritatis

127 1195 275 1283 artisque
298 1190 434 1258 laudem
457 1189 660 1280 denegarem
697 1195 747 1254 est
773 1186 947 1277 profecto,
990 1184 1084 1274 quod
1105 1187 1252 1256 animum

128 1296 281 1365 advertat
298 1303 333 1362 et
347 1293 555 1385 diligentiore
568 1290 785 1360 meditatione
801 1289 942 1393 dignam
956 1287 1109 1358 videatur
1123 1289 1174 1382 2).

804 1505 815 1535 Ι

197 1596 229 1665 1)
254 1594 377 1650 ΒίΙιι.ἸΙ.
391 1591 480 1662 Epist.
496 1593 522 1648 1.
538 1609 565 1650 v.
582 1591 642 1658 aa,
659 1609 738 1662 quem
760 1592 851 1647 locam
867 1590 922 1646 alio
938 1590 1043 1646 nemim
1056 1591 1116 1658 iam
1134 1590 1253 1662 allegavi

128 1666 157 1720 in
179 1667 324 1720 Commeat.
342 1666 374 1716 de
388 1665 481 1716 Hostio
499 1664 581 1717 Poeta
597 1668 622 1730 5.
642 1661 667 1716 8.
688 1663 721 1717 Ν,
737 1661 781 1715 lt.
816 1661 925 1715 Pacarii
951 1661 1072 1715 laudibus
1095 1661 1254 1716 obtrectavit

129 1735 210 1788 stram
228 1735 354 1798 Lucilius,
371 1737 436 1785 reas
454 1733 542 1785 anm
559 1722 591 1787 u.
610 1734 641 1784 ι.
664 1732 738 1786 asar.
755 1731 838 1783 xvu.
864 1747 887 1782 e.
905 1731 940 1783 ιι
957 1738 1037 1800 aa,
1063 1748 1115 1797 quo
1136 1731 1254 1785 ussur-

128 1805 157 1859 ia
176 1807 269 1872 Progr.
295 1804 421 1856 ltcadem.¹
440 1803 551 1854 Bonane
573 1802 652 1856 1823.
685 1805 714 1854 et
737 1799 901 1868 Sticglitaius
926 1801 952 1856 d.
976 1799 1089 1854 Pacarii
1115 1802 1254 1855 odorato

129 1873 213 1942 (Lips.
231 1873 325 1940 1826.)
350 1889 377 1938 p.
394 1872 420 1926 6.
437 1870 470 1923 N·
495 1871 537 1923 10.
564 1872 681 1922 reicruut
706 1870 816 1937 Fragm.
841 1868 922 1920 Satir.
950 1869 1023 1923 Lihr.
1041 1871 1135 1923 XXIX.
1159 1869 1204 1924 63.
1226 1887 1253 1938 p.

128 1943 260 2009 tatsstp.
278 1942 394 2006 „Utrum
410 1939 492 1991 tristis
510 1945 623 2003 contorto
636 1940 722 2007 aliquo
741 1954 771 1988 ec
789 1938 939 1990 Pacuviano
957 1939 1070 1992 exordio.
1081 1943 1099 1971 ‘⁴
1123 1940 1185 2005 Hoo
1200 1939 1255 1993 Iar-

129 2012 186 2064 cilii
203 2010 361 2078 vituperium
379 2007 518 2073 manifeqto
535 2013 635 2074 spectat
651 2006 775 2060 dictionis
791 2007 959 2073 asperitatem
975 2014 1002 2061 et
1018 2008 1157 2074 duritiem,
1175 2022 1256 2077 qaam

131 2083 195 2134 item
213 2080 300 2147 carpit
317 2077 424 2129 Persius
443 2076 499 2128 stt
516 2077 538 2130 1.
557 2094 581 2127 v.
598 2076 642 2132 ii.
676 2077 780 2141 „Saat‚
798 2093 861 2144 quos
879 2076 1057 2147 Pacaoiruqae
1075 2086 1102 2130 ct
1116 2095 1256 2132 verrucosa

129 2145 245 2202 moretur
267 2147 397 2214 Antiopa,
424 2147 555 2198 acromate
581 2162 624 2199 cor
648 2144 811 2209 luctificabile
830 2146 921 2212 salter
945 2145 1036 2214 ibique
1060 2147 1122 2199 vide
1145 2164 1257 2214 peracu-

130 2227 188 2287 tam
210 2216 329 2270 Passoni
357 2215 552 2268 adnotationem
581 2233 607 2283 p.
634 2214 687 2268 295
709 2232 749 2282 aq.
782 2214 845 2268 Alia
867 2220 958 2268 autem
979 2216 1126 2270 Pacuvium
1149 2217 1257 2286 vitape-

129 2288 208 2345 randi
224 2303 318 2341 caussa
332 2285 383 2337 fuit
399 2284 528 2350 Horatio,
546 2285 601 2338 alia
616 2284 716 2338 Persio.

199 2391 231 2460 2)
265 2389 420 2452 Pelluntur,
445 2387 490 2454 qui
516 2385 544 2440 in
567 2385 655 2441 Plauti
677 2385 784 2440 laudem
806 2383 1014 2455 interpretantur
1035 2386 1125 2441 locam
1147 2385 1257 2445 Horatii

129 2462 209 2516 Iribr.
226 2461 259 2515 ll.
276 2458 361 2527 Epist
379 2458 406 2511 1.
422 2471 449 2508 v.
467 2455 528 2509 atu.

628 2524 756 2593 Adspice,
775 2523 886 2578 Plautus
1000 2584 1003 2591 ί

343 2595 399 2659 Quo
414 2601 492 2663 pacto
507 2601 596 2663 partes
613 2601 711 2648 taletas
728 2597 843 2648 amantis
863 2592 964 2663 ephebi,

343 2666 377 2716 Ut
393 2665 479 2732 patris
498 2665 606 2728 attenti,
622 2664 721 2716 leaenis
736 2671 767 2716 ut
783 2664 909 2716 insidiosi.
1049 2700 1053 2709 -

132 2735 180 2788 ubi
195 2751 239 2787 vv.
257 2751 306 2801 qao
322 2741 400 2800 pacto
418 2736 567 2802 εἰρωνικῶς
585 2734 668 2800 accipi
685 2734 781 2785 debent
804 2749 866 2799 pror
888 2749 968 2799 qnam
990 2733 1086 2796 male‚·
1100 2749 1182 2802 qnam
1203 2749 1256 2804 pa·
1304 2767 1306 2770 >

132 2822 193 2857 rum
218 2809 338 2856 accurato
355 2819 578 2873 personarumque
602 2803 720 2853 moribus
738 2801 922 2854 convenienter
938 2807 1038 2856 tutetur
1054 2802 1072 2857 i.
1090 2821 1114 2855 e.
1133 2804 1256 2858 exhibeat

132 2881 159 2925 ct
167 2891 214 2942 per
223 2872 341 2924 labulam
349 2878 443 2925 servet.
462 2872 503 2923 Cf.
521 2871 796 2940 A'ugustiicomment.
813 2870 906 2923 deh.l.
919 2869 1078 2939 ianpcrtii
1091 2873 1256 2926 etSchlicht-

132 2943 226 2995 horatii
245 2943 429 3061 Comment5agt.
448 2940 582 3008 Philolog.
599 2940 658 3010 Vol.
676 2940 707 2991 V.
724 2957 751 3008 p.
768 2937 804 2991 1⁰
820 2956 876 3008 sqq.
911 2940 941 2993 ln
959 2942 1050 2994 eadem
1067 2943 1175 2996 Horatii
1190 2943 1257 3011 Epi-

132 3014 201 3066 stola
217 3011 314 3063 dicitun
335 3026 363 3060 v.
414 3049 421 3063 .
480 3028 482 3033 ·
873 3020 876 3030 ·

299 3079 409 3131 Plantas
426 3077 462 3128 ad
480 3078 611 3145 exemplar
628 3076 710 3130 Siculi
725 3093 868 3146 properare
884 3077 1046 3144 Epicharmi,

133 3167 184 3217 quo
202 3147 266 3200 item
283 3148 428 3200 continetur
444 3146 557 3198 vitiosae
574 3146 746 3200 festinationis
768 3147 868 3198 crimen
892 3152 919 3198 et
936 3143 1097 3212 celeritatis,
1118 3163 1186 3214 qnae
1202 3144 1257 3202 lni-

133 3219 204 3271 mics
218 3225 261 3270 'est
278 3217 380 3269 consilii
397 3223 423 3270 et
439 3215 601 3284 diligentiae.
624 3216 758 3284 'alpertius
781 3223 872 3269 autem
894 3215 1022 3271 Plautum
1044 3217 1212 3285 reprehendit
1227 3216 1257 3273 iu

132 3286 253 3356 Epistola
269 3287 303 3347 ad
321 3287 427 3339 Pisones
446 3302 471 3338 r.
489 3285 565 3338 tto.
676 3294 679 3300 ⁴
804 3304 807 3311 ·

273 3359 310 3409 At
326 3357 407 3408 ocstrr‘
419 3356 515 3423 proavi
532 3354 668 3407 Plautinos
687 3359 713 3407 ct
728 3368 848 3406 numeret
866 3359 893 3408 et

271 3425 430 3477 Laudaoere
447 3426 531 3490 soles,
552 3425 660 3477 nimiam
673 3425 808 3492 patienter
824 3430 970 3493 utrumque,

272 3494 314 3547 Ne
332 3495 418 3545 dicam
435 3495 529 3557 stalle,
546 3494 654 3556 sitiretis
670 3493 694 3546 a·
709 3493 785 3546 modo
803 3509 853 3576 ego
877 3501 904 3547 ct
919 3509 966 3547 oos

272 3564 371 3616 Scirona
389 3564 543 3615 inurbanum
562 3563 646 3631 lepido
663 3578 786 3631 seponere
803 3563 881 3627 dacto,

273 3632 483 3702 [legitimumque
504 3650 594 3684 sonam
611 3633 704 3702 digitto
721 3634 845 3685 callemus
863 3639 889 3685 et
906 3647 979 3688 aare.

134 3699 537 3754 llocinlococodd.ll1stict
560 3701 632 3755 editt.
659 3707 724 3755 vett.
752 3700 813 3770 pari
837 3702 896 3754 fore
915 3706 1025 3753 numero
1051 3702 1079 3752 et
1102 3697 1259 3754 auctoritate

134 3773 198 3824 dant
213 3773 297 3824 nostri
313 3788 360 3838 pro
378 3766 471 3830 vestri}
489 3769 555 3822 illud
575 3772 667 3838 paullo
683 3772 803 3840 cupidius
820 3769 978 3840 impugnant
992 3768 1126 3834 Bentlejas
1151 3777 1177 3820 ct
1192 3770 1257 3834 Fea,

130 3840 186 3891 hoc
204 3841 323 3910 argutius
340 3839 488 3891 defendunt.
523 3843 559 3892 At
574 3856 599 3891 v.
614 3839 695 3894 velari
710 3859 792 3908 quum
810 3841 844 3892 ad
862 3841 967 3892 Pisones
984 3841 1114 3907 refertur,
1141 3840 1258 3892 dubitari

135 3917 232 3977 potest,
257 3911 354 3984 satisqe
370 3909 510 3977 prudenter
527 3915 555 3962 et
569 3911 668 3963 urbane
684 3927 775 3963 eorum
793 3910 941 3974 majoribus
957 3907 1097 3961 stultitiam
1114 3909 1258 3977 exprobra-

134 3979 202 4031 verit
218 3977 364 4032 Horatius?
382 3977 452 4030 Mihi
469 3977 556 4045 potius
572 3979 676 4033 videtur
690 3988 784 4049 poeta,
800 3980 845 4046 qui
863 3980 941 4031 modo
959 3979 1187 4030 commendaverat
1202 3977 1258 4031 suis

129 4050 289 4115 aequalibus
306 4051 469 4101 Graecorum
487 4047 619 4115 studium,
643 4066 692 4102 suo
714 4050 748 4102 dc
771 4064 846 4100 more
862 4049 979 4115 aliquem
995 4047 1095 4116 lingere
1118 4047 1170 4100 sibi
1187 4046 1258 4114 obji-

137 4117 264 4171 cientem:
291 4126 319 4171 at
336 4118 418 4173 nostri
432 4117 526 4186 proavi
542 4117 560 4168 i.
579 4135 601 4170 e.
618 4118 731 4184 majores
748 4118 838 4171 Plauti
855 4134 977 4185 numeros
994 4118 1115 4185 salesque
1129 4118 1257 4170 laudave-
1334 4114 1345 4127 '¹

134 4194 212 4252 rant3
235 4189 352 4255 adquae
375 4194 455 4254 poeta
471 4185 586 4256 regeritr
604 4195 748 4257 'auumque
764 4185 854 4241 mirati
876 4191 937 4240 aunt
952 4185 1036 4240 nimia
1051 4187 1194 4255 patientia,
1222 4203 1257 4237 ne

135 4256 240 4322 dicam,
257 4256 384 4322 stultitia,
402 4257 424 4310 si
441 4257 520 4310 modo
537 4272 588 4328 ego
605 4263 632 4311 et
647 4274 738 4324 roae
756 4256 879 4323 Pisonos,
895 4272 962 4325 quos
976 4255 1022 4309 hic
1039 4258 1170 4309 allocutus
1184 4254 1257 4320 indi-

136 4325 262 4381 certarit
277 4342 367 4380 secam
383 4325 523 4381 rendentes
535 4333 562 4382 et
578 4327 683 4394 doctos,
705 4326 805 4383 seimus
819 4342 942 4398 repom
957 4325 976 4380 i.
994 4341 1020 4379 e.
1030 4325 1200 4396 distinguere
1212 4323 1257 4378 in-
