2768 4838
329 287 385 338 ue
418 286 611 338 reurrro
637 288 784 341 nureo
808 287 972 342 roure.-
1146 267 1226 347 2⁰0

106 436 264 530 „Callum
277 446 397 508 neutro
410 461 536 533 genere
549 439 679 511 dieitur.
698 475 750 495 -
771 437 845 512 Sed
859 439 994 513 Marsus
1007 439 1226 518 rabellum
1266 459 1272 473 “

72 578 74 598 ·
106 564 212 630 nono,
238 543 421 612 masculino
442 544 508 631 eie:

209 682 260 698 -
285 682 336 698 -
361 647 496 715 callum
518 643 588 715 eibi
605 652 754 737 pectere
777 644 1002 738 φιωηᾶαηύ*

107 749 161 817 De
173 749 242 816 hoe
257 746 484 840 Fragmento,
509 745 605 838 quod
611 748 688 840 jam
708 747 755 817 Η.
771 748 965 841 Stephanus
986 756 1022 818 et
1038 746 1227 822 Broukhu·

107 852 173 921 sius
186 851 384 938 attulerunt,
410 850 494 942 quid
507 840 588 920 mihi
602 849 772 942 videatur,
798 853 939 944 exposui
953 875 1055 945 supra
1067 848 1104 948 §
1117 849 1153 924 5.

208 953 282 1022 Vll.
333 954 524 1024 Priscianus
545 951 639 1023 Libr.
661 953 704 1023 V.
722 976 758 1046 p.
777 950 865 1028 657.
890 955 930 1024 P.
971 956 1110 1045 „varro
1128 957 1163 1027 in
1182 956 1227 1028 Π.

106 1079 220 1127 rerum
240 1057 352 1131 rustic.
375 1057 505 1150 adipes
532 1055 617 1147 illa,
662 1079 729 1149 pro
759 1054 876 1148 adeps.
903 1056 1057 1134 Marsus:
1094 1059 1229 1154 Adipte

101 1160 224 1254 pendo
241 1160 373 1251 vigimi
386 1163 578 1229 vetustae.“
627 1155 689 1228 lta'
701 1158 806 1229 edidit
824 1159 1002 1230 Putschiue
1025 1163 1229 1254 repetiitque

105 1261 348 1359 Broukhusius.
399 1263 559 1332 Krehlius
576 1262 676 1334 Toni
698 1263 726 1331 1.
738 1284 774 1354 p.
790 1257 876 1331 195.
901 1261 985 1335 nihii
1006 1261 1052 1332 de
1073 1265 1228 1359 lectionis

105 1367 265 1434 varietate
281 1388 421 1435 monens
435 1367 524 1457 typis
540 1356 686 1435 deseribi
694 1365 813 1457 jussit:
846 1364 996 1458 „Adipe
1011 1374 1123 1457 punto
1143 1366 1231 1443 XX.
1340 1413 1348 1427 ·

105 1475 297 1538 vetustae.“
346 1469 452 1539 Haud
465 1468 567 1538 dubie
580 1490 762 1561 operarum
776 1475 828 1537 est
842 1467 953 1537 error!
980 1467 1053 1538 Sed
1068 1469 1227 1542 varronis
1308 1510 1311 1517 »

106 1573 201 1640 locus
222 1593 301 1639 eum
318 1595 485 1664 nusquam
506 1572 542 1640 in
569 1571 642 1664 ejus
665 1593 771 1663 opere
794 1571 996 1661 inveniatur,
1038 1573 1234 1665 suspicitur!

49 1719 70 1735 .-
106 1674 287 1744 Forcellini
300 1700 325 1743 s.
339 1676 373 1744 h.
388 1699 441 1765 v.‚
465 1675 673 1744 Priscianum
686 1673 871 1766 depravato
886 1673 1016 1744 Codice
1028 1697 1126 1744 usum
1141 1700 1225 1748 esse.

108 1777 288 1848 Caeterum
301 1779 388 1847 haec
402 1800 525 1867 exque
539 1777 704 1872 pedestris
716 1777 873 1849 orationis
894 1776 1137 1873 operehuuste
1150 1780 1226 1874 rint,

106 1881 314 1975 supersedeo
333 1902 507 1972 quaerere.
