2768 4838
264 303 314 359 ιιι
338 306 374 375 q.
393 304 548 359 aonam
568 305 699 359 macor
717 304 1066 377 oasaacaauuamos.
1166 286 1245 361 w

129 468 235 550 esset,
269 462 403 533 dicendi
428 463 497 532 vim
522 470 556 533 at
577 458 779 558 elcgaritiam
799 426 953 535 exclusit
976 450 1243 557 studiumque

129 575 306 636 evaseruut
325 566 379 639 M.
398 566 561 665 Antonius
584 576 619 637 et
640 569 683 637 Ia
704 567 850 638 Licinius
872 567 1075 659 Οιιιιιιιι,
1064 590 1099 637 ιιι
1121 571 1244 659 quibus

129 768 266 862 quatam
283 796 357 841 asso
367 773 493 841 fatetur
507 773 667 842 Cicero
641 796 676 841 ιιι
689 772 748 841 Br.
763 795 794 841 c.
804 771 865 843 66.
866 774 952 862 ,qui
966 774 1040 865 ipse
1051 760 1243 866 protinam

128 875 192 944 illis
210 875 431 965 altioremque
450 877 563 944 locum
582 877 772 968 occupavit
821 876 937 964 Atque
955 875 1112 945 Ciceroni
1130 879 1256 947 adhuc'

129 1000 208 1046 cum
224 978 293 1047 istis
310 979 510 1068 antiquitatis
531 980 733 1049 amatoribus
754 986 790 1047 et
804 977 1058 1047 admiratoribus
1082 1003 1243 1075 pugnan-

129 1081 212 1149 dum
227 1082 349 1169 fuisse,
374 1092 547 1151 attestatur
561 1084 691 1151 Auctor
711 1081 799 1155 Dial
813 1081 859 1149 de
874 1078 982 1150 Oratt
996 1103 1026 1151 c.
1044 1080 1106 1151 22.
1243 1082 1248 1089 '

143 1240 148 1247 .
231 1185 474 1273 Haecautem,
499 1208 587 1275 qnae
601 1185 770 1280 perillus,
796 1207 882 1275 quos
897 1184 1101 1268 memoravi,
1124 1194 1241 1254 oralo-

127 1310 183 1357 ιω
197 1287 347 1377 aliosque
368 1288 403 1355 in
422 1289 612 1379 eloquentia
629 1288 791 1373 effloruit,
816 1287 977 1356 sermonis
997 1286 1107 1355 Latini
1130 1297 1249 1357 ιιιιιιιι-Ι
1293 1332 1296 1337 -

127 1391 224 1478 ritus,
250 1390 297 1459 ad
308 1390 426 1482 poesin
444 1393 549 1460 serius
565 1400 615 1460 est
636 1390 791 1460 traducta
803 1399 857 1475 et,
883 1389 977 1480 quod
994 1389 1153 1472 sciemus,
1178 1394 1252 1484 per'

128 1493 305 1585 Virgilium
319 1494 472 1580 demum,
498 1494 676 1566 Horatium
690 1503 724 1562 et
737 1492 893 1579 Varium,
919 1492 977 1583 qni
991 1514 1108 1560 omnes
1129 1491 1242 1561 Grae-

130 1619 245 1664 carum
257 1596 433 1665 Musarum
447 1591 588 1667 veneres
601 1597 792 1666 felicissimo
809 1603 930 1664 conatu
942 1596 978 1663 iu
988 1617 1059 1677 *tna
1071 1595 1242 1669 unnsfuuf

130 1699 249 1768 derent
268 1702 432 1785 carmina,
459 1702 583 1769 erdmiis
613 1700 784 1770 declarata
808 1699 1049 1788 monumentis,
1079 1698 1127 1765 ita
1148 1697 1248 1766 uene
1335 1696 1338 1702 ’

128 1803 305 1890 triumviri,
331 1804 542 1872 Graecorum
560 1804 683 1873 inerte
702 1801 838 1893 poetica
861 1801 1000 1887 aemuli,
1025 1823 1125 1869 verae
1147 1800 1249 1891 apuds

128 1905 301 1973 Romanos
316 1907 429 1995 poesis
448 1905 625 1977 effectores
641 1927 682 1978 ac
703 1902 807 1971 veluti
822 1901 994 1971 architecti
1015 1902 1082 1970 dici
1101 1902 1248 1971 haberi--

129 2029 197 2095 que
212 2015 411 2075 mereantur.
462 2007 568 2092 Nam,
594 2007 797 2103 antiquiores
816 2014 855 2074 ut
875 2006 1027 2074 omittam
1045 2004 1134 2074 Latii
1152 2026 1250 2098 poe-t
1365 2040 1368 2051 ·

128 2118 200 2193 tas,
218 2108 439 2179 Lucretianae
458 2107 610 2177 dictionis
620 2109 813 2202 ponderosa
825 2108 973 2201 gravitas
988 2130 1090 2198 quam
1104 2108 1247 2177 horrida·

128 2211 242 2278 adhuc
257 2219 292 2279 et
304 2212 459 2280 sordibus
472 2212 644 2302 inquinata
655 2210 723 2281 ast!
749 2211 843 2281 Nihil
859 2211 970 2279 dicam
992 2211 1036 2279 de
1051 2212 1091 2278 Ρ.
1107 2210 1244 2279 Teren-.

127 2314 175 2382 tio
200 2314 352 2384 Varrone
363 2315 524 2402 Atacino,
535 2368 538 2375 .
551 2315 647 2407 cujus
659 2315 829 2407 inelegans
843 2313 952 2381 oratio
975 2321 1011 2382 et
1027 2311 1124 2380 hians
1145 2334 1243 2381 com-

127 2417 250 2509 positio
264 2439 307 2486 ex
324 2417 463 2486 residuis
486 2424 734 2506 cognoscuntur
752 2415 971 2509 fragmentis3
996 2415 1097 2487 etiam
1115 2414 1150 2483 in
1170 2415 1242 2484 Ca-

128 2520 199 2587 tulli
223 2520 388 2612 poematis
410 2520 581 2589 Graecum
600 2521 743 2613 nitorem
772 2528 807 2587 et
828 2517 1027 2587 concinnam
1048 2516 1248 2587 facilitatem
1293 2512 1302 2603 ‚⁴

83 2700 87 2705 ,
129 2620 329 2711 desiderari,
358 2644 458 2691 nemo
474 2633 543 2708 est,
569 2625 627 2713 qui
640 2624 759 2693 infitias
773 2630 839 2691 eat
873 2620 991 2705 Quid?
1015 2621 1247 2713 nonueipsius·

129 2723 301 2795 ciceronis
321 2727 456 2816 poetica
477 2725 578 2794 dictio
600 2726 720 2794 mirum
743 2733 906 2814 quantum
923 2723 1039 2795 differt
1053 2746 1075 2792 a
1089 2722 1244 2794 felicissi-

128 2851 185 2897 ma
205 2829 262 2896 illa
281 2826 456 2913 facilitate,
482 2851 584 2917 quam
601 2828 638 2901 in
659 2828 732 2926 ejus
756 2847 910 2895 sermone
929 2825 1112 2895 admiratur
1132 2827 1243 2911 (Aurin-¹

128 2932 260 3000 tilianus
274 2931 302 2998 l.
316 2928 377 2999 Or.
390 2930 483 2999 Libr.
498 2931 541 3003 X.
560 2928 594 2997 1.
612 2924 648 3023 §.
661 2928 763 2998 Ill?
802 2928 887 2998 Duri
903 2928 976 3022 ejus
991 2950 1127 3015 versus,
1152 2928 1243 2997 omui

130 3034 380 3126 compositionis
395 3041 430 3103 et
443 3032 671 3125 concinnitatis
687 3040 759 3101 arte
775 3040 927 3103 carentes
944 3039 980 3102 el
999 3030 1160 3101 salebrosi
1177 3031 1245 3099 im·

128 3137 292 3206 mundum
311 3136 484 3207 vetustatis
510 3136 661 3205 colorem
689 3136 849 3215 referunt
898 3134 952 3204 Cf.
973 3134 1073 3206 Auct.
1094 3132 1185 3202 'Dial
1207 3132 1241 3201 a

131 3237 240 3308 Oratt.
256 3264 284 3312 c.
300 3239 361 3312 21.
385 3241 515 3330 Atque,
539 3249 579 3307 ut
599 3239 643 3307 ad
658 3248 803 3308 aetatem
820 3236 924 3330 ipsius
944 3235 1076 3311 Horatii
1098 3235 1243 3305 descen·
1259 3278 1262 3290 ·
1344 3318 1348 3323 ,

130 3342 267 3430 damus,
299 3365 409 3411 nonne
434 3344 565 3413 Asinium
587 3343 715 3429 Pollio,
748 3341 827 3433 qui,
862 3347 999 3408 auctore
1022 3339 1193 3409 Suetonio*
1208 3336 1243 3408 d.

127 3445 250 3515 Illustr.
266 3443 327 3513 (ir.
340 3468 370 3513 o.
384 3444 464 3533 lo,
489 3446 635 3516 Sallustii
648 3446 772 3537 scripta
784 3439 1066 3535 reprehenderat,
1090 3451 1129 3509 ut
1141 3440 1243 3509 nimia
1351 3440 1354 3445 '

128 3549 316 3642 priscorum
328 3549 509 3617 verborum
527 3548 740 3622 affectatione
752 3548 872 3632 oblita,
897 3555 966 3614 tam
979 3546 1082 3636 longe
1098 3566 1120 3612 a
1135 3544 1242 3611 nitore

130 3661 165 3720 et
170 3650 381 3744 jucunditate
394 3650 565 3721 Ciceronis
580 3652 704 3738 abfuit,
729 3659 767 3719 ut
784 3648 988 3734 Quintiliano
1003 3648 1026 3718 l.
1044 3669 1074 3715 c.
1096 3641 1132 3741 ξ).
1155 3644 1241 3714 116.
1362 3642 1367 3647 ’

129 3755 264 3823 saeculo
282 3754 377 3844 prior
398 3755 519 3823 vixisse
545 3762 580 3823 et
600 3755 739 3823 Auctori
762 3752 850 3821 Dial.
874 3750 906 3821 d.
929 3748 1038 3824 Oratt.
1060 3749 1084 3817 1.
1105 3772 1134 3816 c.
1156 3749 1243 3817 inter

128 3853 306 3926 Menenios
329 3866 365 3924 et
383 3856 516 3949 Appios
540 3857 703 3925 studuisse
724 3853 919 3924 rideretur?
965 3852 1064 3921 Haec
1091 3860 1243 3920 veterum
1343 3875 1350 3885 ·

123 3960 254 4052 judicia
276 3961 410 4028 tametsi
442 3958 488 4027 ad
517 3961 660 4028 solutam
683 3957 852 4032 Pollionis
870 3955 1056 4024 orationem
1079 3963 1243 4048 spectant,
1353 3974 1355 3979 ·

128 4072 321 4132 tamennon
337 4064 476 4131 dubium
489 4062 571 4132 mihi
591 4072 658 4146 cst,
684 4062 783 4151 quin,
809 4060 838 4128 si
855 4057 1004 4129 carmina
1018 4057 1092 4149 ejus
1117 4080 1159 4126 eo
1179 4080 1243 4126 no-

128 4168 216 4234 mine
237 4167 493 4258 praestitissent,
517 4165 554 4233 id
573 4165 708 4259 minime
722 4163 852 4233 silentio
871 4161 990 4243 fuisset
1014 4161 1243 4253 praeteritum.

128 4269 241 4358 Atque
255 4272 383 4339 Auctor
400 4269 535 4339 Diald.
551 4267 704 4339 Orattl.
727 4290 758 4336 c.
782 4265 840 4353 id,
864 4264 960 4355 quod
978 4261 1078 4351 dieo,
1102 4286 1243 4355 expres-
