2768 4838
72 380 75 393 .
124 282 177 356 88
436 305 499 354 aa
538 306 741 357 ansero
780 304 966 371 roasa.

225 559 324 632 luter
342 561 416 659 ejus
429 563 577 637 carmina
588 455 715 662 potgirri
733 565 873 636 caeteris
886 564 963 634 loco
976 561 1173 634 habendum
1184 586 1260 635 esse

131 663 263 735 ndens
277 665 378 767 illud,
405 667 500 758 quod
521 668 566 737 de
586 679 767 763 poetarum
782 669 995 739 Graecomm
1016 689 1131 758 more,
1157 690 1260 758 quem

132 768 178 871 acl
199 762 337 862 Fragm
359 769 402 840 V.
423 771 678 862 illustrabimur,
704 772 841 842 Graeco
869 771 1006 840 nomine
1029 767 1262 869 Ἐρωποπαι-

132 868 241 969 γνίων
262 894 288 941 s.
314 872 593 967 Erotopaegnion
614 876 793 969 inscripsit.
852 873 959 967 Cujus
979 872 1064 959 tituli
1086 882 1120 941 et
1140 873 1260 941 iuscri-

131 973 254 1068 ptionis
276 997 358 1043 num
376 975 554 1068 habuerit,
587 999 690 1069 quern
710 986 924 1070 sequeretur,
951 985 1125 1059 auctorem
1147 976 1262 1044 Grae·

134 1097 229 1166 cum,
260 1099 318 1153 me
338 1082 515 1171 praeterit,
549 1080 716 1172 siquidem
738 1104 781 1152 ex
805 1081 940 1150 Graeca
962 1079 1157 1169 antiquitate
1177 1078 1261 1148 mihi

133 1200 235 1250 nemo
253 1180 410 1269 innotuit,
443 1183 502 1275 qui
528 1178 822 1282 Ἑρωτοπαίγνια
856 1182 1035 1274 scripserit.
1110 1181 1259 1250 Philetas

136 1281 230 1353 cous
244 1286 474 1377 composuisse
487 1287 594 1354 fertur
612 1285 793 1379 Παίγνια,
826 1308 868 1358 ex
893 1287 1013 1376 quibus
1036 1284 1165 1377 aliquot
1188 1284 1260 1353 ha-

51 1460 54 1465 ,
133 1386 513 1482 gnarurepsfiunnm
536 1387 615 1459 vide
637 1388 818 1482 Kayserin
831 1389 919 1458 Phil.
942 1387 1134 1480 cmagm.
1148 1410 1184 1481 p.
1198 1385 1261 1456 46.

135 1489 329 1562 Athenaeus
347 1491 424 1561 Lib.
439 1490 530 1564 xlv.
544 1514 573 1560 c.
588 1490 625 1561 9.
641 1513 678 1584 p.
693 1491 782 1564 638.
805 1491 846 1561 C.
861 1491 905 1562 T.
924 1491 965 1563 V.
989 1513 1025 1585 p.
1042 1489 1129 1560 616.
1147 1491 1261 1562 Sohar.

135 1592 286 1664 meminit
311 1591 479 1688 Gnesippi
509 1593 690 1688 eujusdam
716 1578 1027 1691 παιγνιαγράφοα’
1046 1593 1111 1692 τῆς
1137 1579 1263 1690 ίίαρῆα

135 1689 290 1796 μούσης,
330 1704 366 1767 et
385 1698 466 1773 Lib.
485 1697 560 1768 v11.
584 1720 614 1771 c.
637 1697 698 1770 26.
722 1722 759 1791 p.
782 1696 869 1765 322.
902 1696 942 1765 C.
968 1695 1090 1766 T.111.
1112 1719 1148 1790 p.
1176 1695 1262 1768 181.

136 1799 250 1877 Schw.
273 1809 439 1871 memorat
456 1798 635 1870 Mnaseam
645 1802 800 1871 Locrum
819 1808 877 1869 ant
897 1798 1147 1892 Colophonium
1171 1824 1261 1870 σαν-

135 1893 340 1996 ταξάμενον
357 1897 408 1979 ννί
429 1898 705 2002 ἐπιγραφόμενα
730 1909 911 1996 Παίγνια,
938 1926 1056 1992 quem,
1080 1911 1118 1972 ut
1137 1903 1262 1995 pergit,

136 1998 201 2078 διαί
216 1997 264 2078 νδ
276 2004 511 2102 ποινίλονπῆα
529 2005 731 2103 συναγωγῆς
743 1998 893 2102 Σάλπην
908 2013 945 2079 οἱ
962 2003 1131 2103 συνήθεις
1143 2030 1263 2097 προσ-

64 2110 66 2116 ’
138 2099 323 2204 ηγόρινον.
370 2108 490 2203 'Hujus
508 2109 612 2202 igitur
628 2108 791 2178 Maesone
812 2107 963 2199 παίγνια
989 2108 1086 2179 suere
1105 2108 1187 2179 varii
1206 2130 1263 2175 ar-

137 2211 313 2304 gumenti,
341 2208 390 2280 ita
406 2222 445 2282 ut
463 2212 539 2304 ipse
560 2212 653 2306 apud
671 2211 851 2281 familiares
878 2211 957 2280 ideo
980 2211 1099 2305 piscis,
1139 2210 1263 2279 diversi

137 2312 259 2409 coloris
278 2312 422 2386 distinmi
448 2316 608 2404 maculis,
650 2316 708 2405 qni
730 2314 871 2383 Graecis
893 2308 1011 2411 σαίλπιγ
1034 2314 1156 2383 dicitur
1178 2312 1262 2405 (vid.

137 2414 336 2489 Schneider.
356 2418 403 2487 ad
423 2419 610 2488 Aristotelis
631 2418 719 2489 Hist.
741 2418 807 2487 An.
821 2417 908 2486 Lib.
922 2416 1013 2486 VIII.
1037 2442 1065 2486 c.
1081 2414 1117 2485 4.
1133 2417 1178 2486 Τ.
1203 2415 1263 2484 ΙΙΙ.

136 2541 174 2613 p.
194 2515 299 2614 576.)
320 2544 444 2592 nomen
456 2521 628 2593 inveniret
679 2519 926 2612 Hujuscemodi
942 2530 1055 2588 autem
1077 2517 1264 2613 Παιγνίων

136 2618 289 2693 inventor
310 2623 572 2716 perhibebatur,
604 2631 690 2692 teste
716 2622 849 2693 Aleimo
870 2644 927 2713 ap.
947 2624 1161 2691 Athenaeum
1181 2623 1204 2693 l.
1221 2644 1264 2709 c,

137 2722 283 2819 Botrys,
307 2724 467 2796 Messana
485 2727 619 2796 Siciliae
638 2726 724 2795 urbe
747 2724 926 2813 oriundus,¹
947 2725 1043 2817 cujus
1065 2727 1165 2793 etiam
1188 2746 1264 2793 me-

121 2872 122 2876 =
138 2826 296 2918 winerat,
321 2838 460 2900 auctore
481 2829 628 2921 Polybio
653 2828 731 2899 Lib.
746 2828 824 2902 ΧΗ.
853 2851 884 2898 c.
899 2826 959 2897 13.
973 2829 1016 2896 Τ.
1032 2829 1148 2920 Ill-p.
1164 2824 1264 2912 466,

141 2928 320 3022 rl'imaeus,
344 2933 404 3024 qui
422 2933 694 3020 Democharem‚
719 2939 888 3000 oratorem
909 2929 1151 3000 Atheniensem
1174 2927 1264 2994 mol-

139 3032 224 3113 liore
243 3043 279 3105 et
298 3035 486 3107 remissiore
508 3058 607 3106 usum
631 3033 765 3103 dicendi
786 3056 929 3125 genere,
964 3042 1001 3101 ut
1020 3033 1065 3100 ait
1086 3031 1207 3099 Cicero
1228 3027 1263 3097 (1

141 3134 237 3207 Orat.
266 3137 345 3209 Lib.
366 3138 409 3209 11.
450 3161 480 3208 o.
504 3136 565 3210 26.
591 3137 672 3228 ibiq.
695 3135 821 3205 Miller
843 3158 879 3228 p.
903 3131 1009 3227 251„
1046 3132 1265 3204 calumniatus·

140 3241 423 3335 scripserateum
435 3240 644 3335 impudicum
660 3249 694 3308 et
705 3240 873 3331 impurum
889 3235 1172 3336 ὑπερβεβηκέναι
1187 3241 1265 3316 τοῖς

140 3340 404 3443 ίπιπηδειίμααι
418 3337 469 3417 ταί
493 3338 662 3440 Βόπραος
676 3334 923 3437 ὑπομνήματα
940 3340 1001 3413 καί
1028 3335 1077 3413 ταί
1092 3337 1265 3412 Φιλαινί-

42 3479 44 3484 ’
142 3446 220 3526 δον,
245 3445 306 3520 ναί
325 3441 531 3523 τῶνᾶλλων
555 3434 937 3536 α’νανσχννπογρνίφων.
1007 3445 1107 3530 Quae
1128 3443 1266 3535 quidem

140 3543 278 3642 Botryis
297 3542 545 3646 ὑπομνήματα
566 3547 698 3643 'pariter
718 3543 942 3614 ac'Mnaseae
972 3546 1122 3640 παίγνια
1154 3546 1266 3639 pede-

143 3651 201 3720 stri
220 3653 291 3724 siue
309 3652 415 3725 dubio
430 3651 619 3744 composita
640 3660 735 3719 erant
755 3649 924 3734 oratione3
949 3652 1012 3720 sed
1037 3658 1267 3721 memorantur

143 3751 243 3822 etiam
263 3752 414 3848 παίγνια
434 3749 480 3828 δι’
498 3753 613 3841 ἐπῶν,
650 3775 738 3843 quae
758 3753 909 3821 versibus
937 3755 1069 3845 scripsit
1095 3755 1265 3823 Homerus

143 3856 344 3951 cognomine
358 3845 480 3926 Sollius
499 3857 569 3927 sive
584 3857 715 3943 Sillim,
739 3863 845 3947 poeta
868 3864 902 3924 et
923 3858 1162 3948 grammaticus
1184 3855 1266 3923 Me-

100 4022 103 4027 ,
142 3959 270 4030 muno
291 3958 421 4034 comico
432 3930 566 4052 janot,
596 3968 680 4029 ose
699 3958 807 4028 suu
829 3959 873 4026 T.
889 3958 934 4032 11.
948 3983 983 4050 p.
1006 3958 1083 4025 eoo
1099 3958 1266 4026 etum.

142 4084 176 4153 p.
203 4061 290 4134 297.
320 4083 423 4156 quem
445 4062 669 4155 posteriorem
696 4062 824 4133 Suidae
855 4061 968 4131 locum
995 4062 1085 4131 felici
1115 4061 1269 4129 acumine

142 4168 340 4237 emaculavit
374 4162 566 4234 Meinekius
601 4152 649 4241 iri,
671 4162 853 4232 Menandr.
899 4173 934 4232 et
974 4165 1117 4233 Philem.
1151 4164 1265 4255 Reliq.

142 4293 177 4362 p.
192 4268 348 4342 xxxiv.
374 4269 496 4359 Neque
513 4266 570 4336 hio
585 4268 788 4338 omittendus
801 4272 853 4338 est
863 4264 1045 4338 Anaxilaus
1061 4267 1267 4355 Larissaeus,
