2768 4838
133 275 186 350 44
434 300 507 353 rua
547 300 754 350 enarro
793 302 973 352 ronan.

234 457 278 528 II.
347 457 536 529 Priscianus
547 456 627 530 Lib.¹
641 457 700 528 lx.
715 482 751 550 p.
767 455 853 528 869.
879 459 932 531 ed.
948 457 1086 529 Putsch.
1101 499 1154 514 —
1204 460 1260 548 „A

133 561 297 632 decresco
319 584 457 655 quoque
485 561 659 632 decretum
677 563 792 631 livius
813 565 954 663 protulit
981 564 1016 630 in
1046 564 1108 633 111.
1131 565 1261 634 Eroto-

131 686 350 838 paegrffie
374 766 510 861 dieque
527 766 711 836 decretum
736 775 771 837 et
795 771 975 837 uuctum.“

130 872 191 942 ubi
209 870 371 966 Krehlius
384 870 443 939 lx
459 894 490 939 c.
505 868 541 939 9.
558 866 595 965 §
607 867 669 953 49.
684 869 728 938 T.
744 871 771 940 l.
786 894 821 965 p.
836 869 924 939 464.
970 869 1117 962 „Vulgo
1131 869 1258 959 Livius,

111 967 232 1069 'cujus
251 996 378 1043 uomeu
405 995 601 1068 perperam
630 973 715 1045 huic
736 975 836 1068 operi
857 973 1025 1071 praefigi
1037 970 1259 1066 jamdudum

130 1079 327 1151 docueruut
342 1077 411 1147 viri
425 1078 532 1162 docti.
587 1075 823 1170 cupidissime
843 1079 958 1171 igitur
980 1077 1138 1169 arripui,
1163 1077 1260 1168 quod

130 1180 201 1252 Ms.
215 1162 295 1250 Ere.
318 1179 354 1249 2.
376 1170 492 1249 dabui
512 1181 690 1251 laeviusf‘
734 1181 780 1250 H
811 1180 1005 1274 Stephanus
1024 1203 1062 1274 p.
1085 1177 1170 1251 146.
1190 1179 1259 1249 hoc

21 1311 25 1320 ·
129 1284 359 1379 fragmentum
372 1284 471 1353 Livio
485 1284 681 1353 Andronico
698 1283 884 1375 adscripsit

195 1478 199 1485 Ι
231 1387 292 1456 llt
343 1388 533 1458 Priscianus
546 1386 623 1457 Lib.
637 1386 697 1455 XI.
711 1410 746 1481 p.
760 1386 847 1474 922.
868 1388 908 1461 Ρ.
931 1424 985 1440 -
1018 1375 1089 1480 ,Et
1109 1385 1256 1477 memini,

130 1492 324 1562 meminens.
375 1490 490 1581 Liuius
511 1488 792 1583 Erotopaegnion
810 1490 869 1560 IV.
959 1516 961 1525 ·
1228 1519 1243 1551 e

232 1593 432 1663 Memiueus
457 1592 579 1663 *Varro
604 1593 714 1663 corde
737 1594 909 1664 uolutat.“
1202 1674 1205 1679 ¹

129 1697 226 1768 Idem
238 1696 470 1790 fragmentum
479 1697 565 1765 iuter
578 1696 720 1765 Liviana
733 1697 839 1767 habet
849 1697 896 1768 H.
908 1692 1105 1787 Stephanus
1118 1714 1154 1785 p.
1171 1690 1256 1765 146.

87 1856 95 1865 .
129 1801 194 1890 Et,
224 1808 311 1891 teste
331 1800 450 1870 Hofm
472 1800 713 1894 Peerlkampio
735 1799 777 1873 V.
800 1800 853 1871 cl.
883 1801 919 1868 in
947 1797 1151 1868 Bibliothec.
1174 1792 1282 1896 crit,

129 1904 217 1973 Nov.
238 1902 315 1972 Vol.
335 1902 380 1971 ll.
403 1926 439 1997 p.
460 1902 541 1990 66,
567 1902 646 1974 Jau.
671 1904 794 1977 Ilouza
817 1903 853 1973 iu
876 1901 1069 1973 Observatt.
1092 1898 1179 1969 Mes.
1211 1899 1257 1968 ad
1288 1948 1292 1955 -

128 2004 175 2077 Η.
184 2005 350 2099 Stephani
362 2004 502 2100 Fragna
510 2006 551 2076 V.
565 2007 605 2075 P.
618 2007 705 2076 haec
718 2005 907 2078 adnotavit:
922 2006 1127 2094 „meminens
1135 2002 1257 2091 Varro,
1298 2059 1310 2071 .

127 2128 197 2179 uuo
213 2130 289 2179 esee
309 2100 640 2196 Livii‘Audrouici,
666 2110 732 2179 sed
758 2108 930 2178 Varronis
947 2108 1167 2199 cumptum,
1193 2128 1258 2175 cu-

119 2206 183 2302 jue
198 2233 324 2282 nomeu
344 2208 562 2305 interjectum
573 2211 698 2317 suerri
712 2235 738 2281 u
758 2211 967 2298 Prisciauo,
994 2233 1074 2280 eum
1092 2210 1258 2279 circum

126 2314 226 2385 Haec
245 2316 386 2385 Douzae
410 2316 604 2409 conjectura
630 2316 861 2408 patrocinatur
889 2315 1071 2385 sententiae
1090 2311 1258 2405 Leunepii
1312 2396 1316 2404 ι

127 2418 281 2510 negantis
293 2419 548 2512 Erotopaegnia
561 2419 678 2488 Laevii
693 2421 820 2511 scripta
833 2442 907 2487 esse
917 2417 1076 2510 jambicis
1090 2415 1257 2509 dimetris:

128 2521 195 2589 vid.
210 2516 247 2615 §.
264 2519 301 2593 6.
355 2521 447 2610 Sed,
472 2530 635 2612 quantum
655 2521 884 2609 meminerim,
908 2519 961 2592 M.
981 2519 1145 2590 Terentio
1165 2518 1257 2589 Var-

3 2718 5 2722 .
127 2622 220 2710 roni,
244 2624 317 2693 viro
330 2624 377 2693 illi
396 2625 630 2694 Romanorum
651 2623 844 2695 doctissimo
866 2631 901 2694 et
921 2614 1255 2719 uoiuypupuaoirp,

127 2749 292 2816 nusquam
311 2726 596 2820 Erotopaegnion
615 2750 702 2820 opus
721 2728 886 2801 tribuitur.
963 2727 1074 2795 Recte
1094 2724 1255 2794 Ktehlius

128 2852 170 2897 cx
195 2829 307 2898 Codd.
327 2830 404 2909 Eri.
427 2830 462 2900 l.
488 2831 523 2898 2.
544 2853 610 2924 pro
630 2830 755 2900 Livius
772 2829 924 2924 reposuit
943 2828 1100 2898 Laevius
1124 2828 1159 2895 in
1177 2826 1275 2897 Pri„

127 2933 241 3001 seiano
258 2927 515 3025 T.,1.p.528.:
539 2933 576 3002 id
600 2933 696 3025 quod
709 2933 787 3027 jam
808 2943 906 3002 antea
929 2941 1078 3002 suaserat
1099 2927 1256 3000 Osannus

126 3036 162 3103 in
172 3035 271 3104 Anal.
284 3035 366 3105 cut.
379 3058 416 3129 p.
426 3032 500 3124 53,
515 3036 576 3128 qui
587 3045 766 3129 praeterea
780 3060 822 3106 ex
835 3036 871 3105 h.
878 3037 1040 3105 Prisciani
1056 3035 1133 3102 loco
1148 3034 1255 3102 corri-

126 3138 279 3233 gendum
291 3146 389 3231 putat
403 3134 562 3232 Sergium
573 3140 610 3207 in
623 3139 797 3209 Donatum
808 3163 846 3232 p.
863 3136 974 3210 1853.
986 3140 1025 3207 P.
1034 3138 1118 3206 ubit'
1135 3134 1258 3222 „Num

36 3302 49 3323 χ
127 3243 321 3312 invenimus
340 3242 377 3311 iu
399 3242 533 3313 Plauto
551 3242 762 3323 murrinum
794 3262 898 3333 quam
919 3241 1091 3334 Participii
1110 3238 1257 3307 fonnem

126 3344 161 3412 in
189 3345 299 3414 Plauti
321 3344 460 3432 fibulis,
504 3367 593 3436 quae
624 3346 764 3436 quidem
784 3345 889 3416 hodie
911 3345 1096 3437 supersint,
1131 3344 1257 3412 frustra

91 3532 95 3537 .
126 3449 312 3536 quaesiuit
340 3446 506 3520 Osannus.
570 3449 700 3533 Rectc3
732 3448 872 3541 Sergius
900 3449 1006 3537 enim,
1046 3446 1255 3516 Priscianum
1286 3465 1288 3471 ·

125 3550 305 3620 oscitanter
316 3552 524 3641 exscribens,
549 3553 654 3620 oculis
671 3552 838 3633 aberravit
852 3550 897 3620 ad
904 3536 1016 3620 Pllue
1029 3572 1153 3619 nomen
1170 3572 1255 3642 pro-

124 3653 213 3722 xime
241 3653 453 3726 antecedens.
529 3654 666 3725 Nomen
685 3655 813 3725 Imevii
836 3656 870 3724 in
897 3655 967 3724 hoc
987 3653 1147 3724 Prisciani
1175 3653 1255 3722 loco

125 3758 265 3849 agnovit
291 3758 393 3827 etiam
419 3759 459 3830 O.
483 3758 525 3829 L.
547 3757 671 3828 Struve
697 3757 784 3830 Uet.
813 3758 896 3829 Lat.
921 3759 1061 3830 Decliu.
1094 3780 1128 3826 u
1157 3751 1268 3851 Couy‘.

226 3961 285 4031 lv.
335 3963 524 4035 Priscianus
546 3962 625 4037 Lib.
639 3963 688 4034 X.
714 3986 750 4057 p.
772 3960 861 4033 993.
901 4004 946 4018 -
1000 3965 1144 4055 „Flecto
1171 3984 1257 4032 vero

125 4063 202 4134 flexi
216 4055 471 4158 facitetplect'o
495 4069 605 4160 plexi,
630 4068 766 4161 antique
789 4070 904 4140 Livius
928 4069 963 4138 iu
983 4070 1041 4140 vl.
1058 4070 1255 4159 Erotopae-

125 4169 247 4262 gnion:
273 4168 530 4239 Andromache
534 4170 745 4263 perdudum
768 4195 878 4243 mauu
894 4174 1070 4244 lascivulis
1086 4195 1132 4241 uc
1148 4173 1255 4240 leuel·

126 4272 219 4357 iulo,
237 4272 348 4365 cupiti
358 4294 437 4342 meo
449 4273 656 4377 trepiduus,
670 4272 782 4348 otuu
796 4278 934 4348 insolito
942 4278 1061 4372 plexit
1075 4284 1254 4348 munere.“
