2768 4838
350 255 399 307 us
423 255 574 305 maurus
599 255 790 305 rmamrs
814 254 1063 305 mumanae.
1184 231 1264 307 139

142 433 228 501 puer
243 402 429 498 formosus,
455 410 599 481 amanus
613 411 710 486 Arati
722 416 865 502 poetae,
892 433 948 504 ap.
962 412 1134 479 Tbeocrit
1160 410 1260 502 idyll.

142 514 217 581 vll.
231 537 262 582 v.
284 506 371 599 105.
394 511 474 602 ibiq.
489 512 627 581 Scholia
645 512 722 603 ³³).
744 514 1002 611 ,Praesentibus
1018 514 1161 603 antiquis
1173 514 1262 584 Latii

142 617 270 706 poetis,
303 613 361 704 qui
383 613 446 683 Gr.
460 609 621 707 μαλακρς
639 613 771 685 ci'vitme
785 615 876 685 velut
897 616 1121 697 donaverant,
1146 617 1262 685 Hora-

141 719 223 803 tius,
249 724 290 785 ut
309 718 446 785 omnino
465 716 599 785 Latium
616 717 719 787 divite
731 718 854 809 lingua
868 719 997 806 beavit,
1021 721 1069 787 ita
1089 718 1157 787 hoc
1171 718 1261 810 quo-⁸

141 842 208 910 que
221 822 345 887 nomen
362 819 451 886 felici
467 821 621 889 acumine
634 819 832 912 procudisse
847 812 1082 891 existimandus
1099 831 1166 906 est,
1192 846 1261 914 quo

139 922 311 991 bominem
324 923 461 991 mollem
474 944 514 989 ac
528 921 730 1013 dissolutum¹
740 923 933 1014 designaret
941 933 975 990 et
989 933 1077 993 tecte
1093 935 1262 1016 carperet.
1345 948 1348 953 ·

139 1025 270 1093 Horatii
288 1025 480 1115 exemplum
503 1035 635 1093 secutus
652 1024 817 1093 Martialis
839 1025 936 1092 Zoilo
962 1048 1023 1094 suo
1043 1022 1261 1098 Malchionis

139 1149 263 1195 nomeu
284 1126 381 1213 fecit,
407 1136 441 1194 et
458 1128 634 1196 Petronius
654 1129 856 1219 profligatae
877 1128 1028 1196 mollitiei
1052 1130 1260 1220 popinonem

137 1230 217 1297 li'cto
245 1230 381 1297 nomine
406 1230 589 1320 appellavit
618 1229 932 1313 lbimulclaionem,
965 1232 1060 1320 quasi
1088 1230 1260 1302 hominem

77 1322 80 1327 ⁵
136 1325 374 1425 τριμοὲλακον.
427 1333 586 1416 Quicum
602 1333 766 1426 appellari
788 1334 892 1401 voluit
911 1333 945 1401 iu
960 1332 1188 1424 inscriptione.
1201 1358 1258 1404 se-

135 1434 298 1525 pulcrali,
324 1443 360 1503 ut
378 1435 553 1502 Petronius
567 1459 611 1505 c.
627 1434 688 1504 71.
713 1436 836 1522 refert,
868 1435 1084 1505 Trimalchio
1108 1435 1258 1506 Maeee-

135 1536 319 1620 nutiaaus,
345 1537 484 1624 nemini,
510 1535 649 1629 opinor,
673 1539 856 1607 obscurum
880 1538 958 1625 erit,
973 1546 1072 1627 'quae
1094 1539 1136 1606 sit
1154 1539 1257 1631 hujus

134 1640 274 1727 ueuunis
295 1641 380 1707 ratio
402 1640 547 1707 maxime
571 1642 765 1733 probabilis.
817 1639 1025 1709 Maecenatis
1046 1663 1186 1728 nomen,
1220 1652 1258 1711 ut
1346 1716 1351 1727 ,

135 1764 236 1834 supra
273 1742 432 1828 vidimus,
466 1743 569 1810 serius
597 1765 774 1812 commune
808 1742 1011 1811 factumest
1036 1766 1078 1811 ao
1107 1738 1258 1817 θετικόν

133 1852 199 1936 pro
234 1845 353 1935 quovis
388 1844 526 1911 homine
559 1845 652 1912 molli
675 1869 716 1912 ac
749 1844 903 1913 delicato.
977 1845 1068 1913 Hinc
1105 1846 1256 1915 Trimal·
1361 1874 1364 1879 ·

134 1946 230 2030 chio,
264 1947 375 2014 homo*
393 1945 604 2034 vanissimus,
642 1946 954 2017 Mueeeautinuum
973 1946 1039 2014 dici
1064 1956 1098 2016 et
1118 1949 1256 2041 ,tumulo

133 2047 269 2132 inscribi
296 2048 479 2140 gestiebat,
518 2070 587 2115 non
616 2049 726 2138 quod,
751 2050 1054 2134 4ιιίιΒιιιιιιιιιιιιιιε
1072 2050 1073 2054 ’
1089 2052 1256 2143 opinatur,

132 2149 352 2240 quondam-in
370 2150 577 2218 Maecenatis
597 2151 697 2221 fuerit
718 2151 845 2219 familia
860 2162 895 2220 et
911 2153 954 2219 ab
977 2176 1019 2220 eo
1036 2155 1255 2245 manaunissus

132 2253 201 2321 hoo
222 2276 392 2346 agnomen
415 2254 646 2345 assumpserit,
672 2253 751 2343 sed,
777 2263 815 2320 ut
835 2255 877 2324 N.
894 2255 1049 2323 Heinsius
1066 2258 1254 2325 acutissime

106 2398 108 2403 ·
131 2346 270 2441 monuit,
286 2356 379 2446 quod
393 2356 634 2424 nobilissimum
653 2357 747 2424 illurn
763 2355 888 2442 ιίιιιιιι,
914 2380 1060 2447 eumque
1073 2358 1254 2427 lautissime

131 2458 433 2548 delicatissimeque
453 2460 636 2544 viventem,
661 2458 696 2526 iu
715 2458 862 2527 moribus
886 2468 921 2527 et
938 2461 1026 2529 vitae
1044 2476 1170 2550 genere
1192 2485 1252 2530 ae-

130 2550 273 2629 mulatus
294 2561 394 2629 fuerit
415 2570 467 2647 et,
502 2584 591 2650 quae
614 2569 685 2628 erat
705 2560 829 2630 stolida
852 2560 924 2655 ejus
942 2558 1125 2654 jactantia,
1156 2563 1252 2633 illum

130 2662 236 2729 videri
253 2664 357 2731 voluit
375 2673 544 2737 assecutus
559 2684 633 2730 csse
650 2662 726 2753 ³4).

1248 2804 1258 2837 l

196 2889 246 2958 311)
276 2891 337 2945 Alia
358 2889 386 2943 iu
402 2906 485 2961 genua
507 2889 630 2953 uomina,
665 2893 696 2944 ut
716 2885 917 2957 Ἄνθρωπῖνος,
946 2887 1103 2960 {trebicum
1120 2887 1251 2961 Ἆρχῖνος,

127 2960 290 3031 Ἀτταγῖνος,
307 2956 485 3022 Erinuliuus·
513 2961 696 3024 Xuomaivec,
726 2960 832 3031 collegit
855 2960 1044 3013 Valckenarius
1067 2962 1099 3012 arl
1122 2963 1250 3017 Herodot,

128 3031 202 3085 Libr.
220 3031 265 3083 lx.
284 3047 307 3082 c.
321 3028 364 3083 15.
383 3029 440 3082 Vol.
459 3029 503 3081 vl.
521 3047 548 3096 p.
564 3025 626 3082 235.
642 3028 733 3084 Sebw.
751 3030 787 3086 ei.
804 3028 924 3085 Stusuius
940 3030 974 3080 tle
990 3028 1146 3083 Nominibus
1163 3032 1250 3085 Graa-

128 3111 220 3155 curum
239 3099 266 3152 in
283 3099 379 3169 opusc.
396 3118 423 3168 p.
440 3098 531 3168 ‹lb-aq.

197 3185 245 3254 al)
263 3186 306 3238 Jo.
325 3185 402 3253 Casp.
420 3183 536 3237 Orellius
551 3181 580 3236 iu
596 3182 797 3251 inscriptionum
815 3184 872 3238 luat.
889 3183 983 3244 Seleet.
1000 3181 1123 3250 Amplius.
1141 3182 1248 3237 Collect.

127 3255 186 3308 vu.
203 3257 225 3310 l.
242 3256 307 3322 Cap.
324 3255 370 3308 111.
387 3273 413 3321 p.
428 3253 506 3318 257„
522 3252 570 3305 ubi
586 3252 780 3321 inscriptionem
808 3253 836 3306 iu
852 3253 897 3306 via
914 3251 1023 3305 Aurelia
1038 3253 1187 3317 iuventam,
1204 3251 1249 3306 eui

127 3323 288 3383 Niebuhrius
304 3340 381 3376 ruam
397 3323 430 3375 sle
445 3322 585 3387 Petronio,
613 3323 713 3375 saecrali
730 3321 801 3375 tertii
818 3327 877 3390 post
893 3323 958 3376 cnr.
975 3340 1001 3374 ιι.
1019 3320 1160 3388 scriptore,
1176 3339 1249 3375 ceu·

124 3394 258 3459 jecturam
274 3398 495 3459 superstruxeret,
519 3393 605 3444 denuo
620 3391 755 3453 exhibuit,
776 3391 914 3445 Camillum
929 3390 1092 3445 Jaunellium
1109 3390 1137 3442 iu
1156 3390 1248 3443 Codice

128 3462 271 3515 Perotta'ao.
304 3461 416 3529 Neapoli
440 3461 519 3514 1⁸11.
541 3461 576 3514 Τ.
599 3460 627 3516 2.
651 3479 678 3529 p.
697 3460 814 3514 01111111.
839 3461 977 3529 complura
996 3465 1152 3526 arpnuaenta
1173 3460 1248 3513 baud

127 3531 317 3586 contemnenda
341 3530 479 3615 callepius
494 3529 547 3594 ait,
570 3528 665 3596 quibua
686 3528 830 3594 evinceret,
855 3530 1008 3583 Petronium
1026 3527 1132 3581 Claudii
1148 3528 1246 3581 (11Νο-

125 3600 199 3654 ronia
221 3601 359 3668 aequalem
381 3602 471 3653 turmo.
511 3598 640 3667 liquida
663 3598 789 3653 Jaunellii
811 3614 877 3667 opus
898 3615 1041 3667 numquam
1064 3596 1136 3663 aidi,
1160 3596 1201 3650 ita
1217 3601 1248 3651 ut

126 3669 255 3733 nescium,
273 3669 340 3722 sitne
356 3669 403 3721 ille
418 3668 581 3738 argumentis
594 3667 763 3737 gravioribus
779 3685 841 3721 usus
858 3685 940 3735 quam
955 3669 1138 3730 Burmannus,
1156 3665 1201 3732 qui
1217 3664 1246 3719 iu

125 3739 294 3793 Praelatieue
311 3739 369 3791 l'el.
380 3740 400 3791 l.
418 3737 532 3805 Satyrici
548 3735 623 3789 illius
638 3737 791 3803 scriptorem
807 3737 893 3789 eidem
910 3738 993 3791 aetati
1009 3751 1125 3789 asserere
1140 3734 1247 3788 adnisus

125 3814 174 3863 eat.
207 3810 270 3862 Jam
287 3807 418 3870 Orellius,
440 3807 567 3860 Janncllii
582 3807 736 3859 seutentiam
753 3807 905 3873 amplexus,
926 3807 979 3859 (luo
995 3810 1132 3873 praeterea
1147 3803 1211 3856 dicit
1227 3821 1246 3858 a

125 3895 154 3930 aa
170 3885 274 3946 reperta
296 3895 352 3930 ease
368 3883 541 3945 argumenta,
566 3874 735 3941 reluatillius
758 3875 901 3928 sententiae
922 3876 1071 3940 adjumenta
1094 3889 1126 3924 ac
1149 3873 1244 3936 fulcra,

124 3964 238 4014 qnorum
261 3946 365 4014 quidem
381 3946 454 4012 priua
478 3963 511 3998 ex
534 3960 592 4012 cap.
609 3945 655 3998 tl.
678 3943 818 4011 repetitum
840 3943 922 4013 ipsius
947 3943 1040 3997 0rellii
1064 3941 1152 3995 verbis
1174 3943 1244 3996 reie-

124 4033 197 4070 ram:
216 4056 234 4080 ,‚
242 4015 424 4082 Trimalchio,
446 4015 547 4081 inquit,
570 4013 734 4066 nominatum
759 4015 792 4065 G.
810 4014 945 4081 Pempcjaa
963 4012 1122 4065 'l'rimalelaio
1138 4012 1243 4082 Maece·
1315 4024 1318 4029 '

125 4087 263 4147 uminum,
291 4086 318 4137 id
337 4091 389 4147 est,
415 4085 458 4136 vel
473 4085 635 4136 Maecenatis
654 4085 778 4146 libertus,
797 4084 851 4138 ,rel
868 4081 971 4151 potius,
993 4088 1022 4134 ut
1038 4078 1147 4147 opinor,
1167 4081 1244 4132 Mue-

125 4157 223 4208 ceautis
241 4155 329 4217 liberti
352 4155 459 4207 libertus
484 4154 567 4221 (uam
584 4169 651 4220 quae
672 4153 705 4205 sle
728 4151 835 4205 dominu
856 4153 973 4219 lucraque
988 4156 1095 4215 narrat,
1117 4150 1151 4203 arl
1168 4150 1243 4202 Mae-
1290 4180 1293 4185 -

125 4229 243 4279 caunum
262 4226 326 4280 ioue
343 4228 422 4292 etque
438 4221 590 4279 Terentiam
605 4220 703 4277 reterri
718 4222 876 4292 ¹nequeunt)
894 4221 934 4278 uti
955 4220 1065 4277 ANNA
1092 4218 1242 4273 ululari
