2768 4838
135 285 212 359 118
374 308 428 355 nn
455 308 486 358 c.
512 308 680 357 ararnio
705 307 846 356 cunno
871 306 1025 356 roura.

136 482 221 527 mus.
285 455 359 526 Sed
378 455 665 547 quemadmodum
686 455 858 544 Ciceroni,
898 463 950 527 tot
971 456 1114 524 ciuilium
1138 479 1254 525 rerum

136 560 290 630 flactibus
297 558 446 652 jactato,
471 559 560 627 hanc
574 561 610 627 in
625 561 835 651 suscipienda
849 560 970 629 Vatinii
989 556 1185 628 defensione
1198 561 1254 627 ia-

138 666 294 732 cilitatem
322 662 485 730 suadebat
514 662 616 730 dubia
643 686 684 730 ac
704 662 803 733 tristis
824 672 1034 758 temporum,
1075 685 1163 752 quae
1182 675 1254 731 tum

137 776 249 851 erant,
274 765 380 848 ratio,
407 787 552 853 eumque
564 768 740 848 monebat,
756 775 794 834 ut
806 790 844 836 se
857 767 912 851 iis,
936 769 995 855 qui
1007 788 1121 843 rerum
1133 767 1167 834 in
1183 767 1254 835 dies

137 871 246 961 magis
259 867 436 960 magisque
449 869 651 960 potirentur,
676 869 753 935 viris
766 868 970 961 placabilem
988 881 1022 937 et
1035 869 1183 937 auricula
1201 872 1255 936 iu-

138 974 219 1042 lima
230 971 417 1039 molliorem
440 971 588 1063 (uti‘pse
612 971 657 1038 ad
671 970 784 1055 Quint
805 971 862 1040 Fr.
879 972 955 1044 Lib.
970 972 1014 1057 ll,
1041 969 1100 1039 15.
1124 973 1255 1062 scribit)

137 1082 341 1169 praestaret,
374 1095 484 1162 neque
510 1071 606 1141 suani
625 1060 822 1142 aheneum
845 1075 881 1143 in
907 1076 1106 1168 pertinacia,
1138 1074 1200 1143 sed
1221 1075 1256 1142 in

138 1176 367 1246 moderatione
391 1175 537 1264 quadam
558 1175 650 1266 (vid.
673 1174 767 1249 Orat.
794 1200 846 1269 pr.
868 1177 1007 1246 Plancio
1030 1200 1059 1245 c.
1080 1177 1132 1246 38
1155 1178 1255 1267 sqq.)

137 1282 282 1375 positam
297 1286 450 1371 putaret3
474 1278 520 1346 ita
534 1277 675 1367 Calvia,
702 1281 760 1370 qui
775 1287 964 1349 commotus
978 1281 1027 1350 rei
1048 1281 1256 1373 indignitate,

139 1407 207 1474 qua
231 1381 284 1455 M.
307 1379 429 1449 Catoni
449 1404 517 1450 nou
537 1390 608 1450 tam
627 1390 801 1475 praetura,
840 1406 945 1473 quam
970 1383 1257 1475 praeturae-Cato

139 1496 281 1579 negatus
296 1482 490 1570 ridebatur,
514 1492 553 1552 ut
565 1485 647 1553 scite
661 1486 707 1552 ait
719 1480 831 1554 Valet.
845 1485 986 1556 Maxim.
999 1486 1075 1569 Lib.
1089 1488 1164 1560 vll.
1180 1510 1211 1561 c.
1222 1482 1258 1556 5.

60 1639 62 1644 μ
139 1614 171 1658 n.
193 1576 247 1672 6.,Ι
271 1587 403 1655 Vatinio
427 1586 517 1654 diem
538 1587 637 1676 dixit,
664 1587 809 1657 dubitari
834 1590 1072 1680 nequit,'quin
1092 1591 1261 1661 bonorum

140 1694 287 1760 omnium
300 1690 412 1757 tulerit
426 1689 645 1782 applausum,
673 1700 706 1759 et
718 1693 883 1784 insignem
897 1714 940 1760 ex
952 1693 1073 1784 populi
1090 1694 1260 1760 erdstima-

140 1797 231 1863 tione
245 1794 391 1861 fructum
404 1794 613 1885 perceperit,
638 1794 768 1884 illisque
783 1795 984 1880 actionibus,
1000 1795 1078 1862 artis
1093 1798 1260 1863 oratoriae

140 1896 309 1991 primitiis,
343 1894 511 1964 auditores
532 1897 721 1988 impleverit
746 1899 797 1965 sui
819 1897 1052 1966 admiratione:
1085 1896 1180 1987 quod
1205 1900 1260 1966 vel

141 2002 297 2070 i'estivum
310 1997 404 2082 illud,
430 2020 499 2066 nou
511 2000 617 2068 multo
630 2000 810 2093 posthanc
829 2024 982 2071 caussam
996 2000 1169 2097 scriptum,
1189 2000 1261 2071 Ca-

142 2105 215 2176 tulli
229 2102 376 2172 Carmen
386 2100 475 2171 LlV.
488 2125 551 2171 nos
566 2102 682 2172 deceta

244 2205 326 2279 Risi
349 2206 465 2275 nescio
490 2228 594 2299 quem
618 2204 725 2275 mado
753 2205 790 2273 iu
818 2206 963 2293 corana,

250 2305 323 2402 Qui
349 2329 430 2376 cum
453 2307 605 2406 mirifica
635 2306 827 2379 Vatiniana

246 2409 352 2501 Meus
377 2411 528 2480 crimina
558 2412 690 2482 Culmus
721 2411 944 2503 explicasset,

143 2557 156 2577 a
247 2513 446 2586 Admiratus
471 2514 533 2607 uit·
549 2515 641 2584 baec
664 2536 859 2606 mnusque
882 2514 1026 2586 tollense

244 2616 299 2687 Di
323 2617 468 2711 magui,
493 2616 713 2713 salaputium
737 2616 936 2686 disertam!

145 2719 179 2788 in
192 2741 262 2808 quo
282 2719 433 2789 Catullus
454 2721 500 2789 de
516 2722 634 2808 andei,
661 2743 764 2814 quem
787 2721 993 2789 familiariter
1013 2723 1048 2786 et
1069 2715 1175 2785 hilare
1191 2738 1284 2795 am-v

145 2823 365 2915 plexabatur,
389 2825 531 2915 parvula
552 2833 677 2893 statura
690 2822 846 2917 jocatur,
870 2825 906 2891 io
927 2844 995 2912 qna
1013 2819 1266 2893 tantumauimi

147 2926 307 2995 ardorem
317 2935 352 2994 et
362 2935 489 2995 mutam
503 2926 639 2997 dicendi
650 2928 719 2997 vim
732 2926 870 3019 quidam
883 2947 925 2994 ex
938 2923 1127 2992 auditomm
1141 2944 1268 2991 corona

147 3028 330 3099 admiratus
360 3052 433 3099 esse
461 3052 608 3122 eumque
634 3031 853 3121 salaputium
883 3028 1054 3096 disertum
1079 3026 1268 3117 appellasse

148 3133 347 3226 perhibetur
366 3133 442 3226 2³).
495 3134 629 3224 Quanta
643 3132 766 3227 pusillo
782 3132 890 3204 Calvo
903 3132 938 3201 in
951 3128 1080 3201 orando
1092 3129 1193 3200 luerit
1207 3153 1269 3199 ve-

150 3338 362 3360 Μ

219 3470 271 3541 tu)
295 3461 448 3526 Fluxsrltua
464 3481 491 3520 v.
509 3466 671 3537 mluputium
688 3466 825 3532 Catullus,
850 3482 885 3523 au
906 3480 970 3519 vers
991 3463 1100 3532 quidam
1122 3465 1271 3520 auditurum

153 3539 267 3595 calvum
283 3539 322 3595 itu
337 3536 528 3602 nominaverit,
546 3538 605 3604 quis
621 3543 692 3591 certo
708 3537 836 3591 definisti
867 3535 943 3590 Prius
960 3534 1028 3588 mihi
1044 3537 1212 3590 verisimilius
1230 3533 1271 3584 ri-

153 3611 248 3676 dclnra
273 3618 301 3663 ut
318 3614 506 3674 corrupturus
528 3606 644 3661 librariis
660 3624 716 3659 csse
732 3606 798 3659 illud
816 3623 926 3667 nomen,
950 3605 1018 3659 mllri
1044 3604 1271 3673 persuasissimum

154 3684 194 3731 cst
244 3677 354 3733 Vadunt
371 3676 435 3730 libri
454 3693 505 3729 scr.
522 3682 549 3741 et
566 3675 639 3731 editt.
654 3680 719 3729 vett
736 3682 763 3730 et
786 3675 868 3730 variis
884 3675 945 3727 inde
969 3675 1125 3741 conjecturis
1141 3673 1272 3724 indulsere

96 3763 101 3774 ·
154 3748 208 3803 W.
226 3748 300 3811 nu,
316 3764 383 3818 quas
399 3746 544 3800 maximnm
561 3753 663 3813 purtem
680 3747 709 3799 h.
727 3746 744 3799 l.
763 3746 871 3817 collegit
889 3746 917 3801 C.
936 3744 961 3797 J.
980 3744 1073 3813 arsag,
1090 3760 1117 3811 p.
1134 3743 1178 3795 78.
1194 3741 1272 3806 Quod

155 3817 189 3872 N.
205 3817 332 3872 Heinsius
348 3818 383 3869 ad
399 3816 477 3873 Ouid.
494 3816 603 3871 Heroid.
622 3816 713 3877 xliii,
730 3832 756 3868 r·
772 3814 833 3870 ltu
851 3814 997 3880 conjecerat
1013 3813 1185 3882 callicipr‘um,
1202 3810 1273 3861 idem

153 3887 212 3953 jam
230 3892 290 3939 ante
306 3884 395 3939 Titius
411 3884 503 3938 liacor.
527 3885 650 3939 controv.
675 3883 733 3939 bib.
748 3884 794 3940 lv,
818 3902 841 3942 c.
857 3884 902 3940 21.
927 3886 1081 3936 tentaverat.
1122 3879 1176 3947 Qui
1198 3880 1271 3944 vulg.

156 3958 319 4027 camputtam
335 3961 456 4019 tuentur,
479 3971 525 4007 cos
541 3954 671 4022 duplicem
688 3952 765 4006 rideo
787 3949 888 4008 socritor
909 3969 966 4005 mcc
982 3949 1185 4021 originationem
1202 3948 1274 4000 illius

157 4024 296 4079 vocubulis
315 4023 363 4077 alil
381 4023 451 4076 cuim
467 4027 554 4078 ortium
572 4029 677 4079 consent
700 4038 760 4078 Η.
785 4026 862 4077 salac
884 4025 912 4076 et
971 4028 1027 4083 tus,
1053 4020 1122 4085 quod
1145 4018 1275 4086 posterius

158 4101 248 4149 ortum
265 4093 354 4146 dicunt
371 4110 403 4146 cx
421 4084 468 4146 dr.
485 4090 583 4161 adadu
602 4096 645 4146 vel
666 4090 788 4148 atauus
806 4091 901 4148 sumita
922 4091 999 4144 ltcrn
1021 4087 1115 4155 sibila,
1139 4096 1165 4141 et
1186 4089 1274 4140 coute-

158 4169 220 4219 runt
243 4180 304 4219 cum
329 4162 357 4215 h.
382 4163 512 4215 rocubalo
533 4162 646 4232 Augusti
671 4162 897 4226 blandimentum,
925 4175 977 4229 quo
1001 4158 1160 4224 Horatium,
1187 4155 1276 4209 breuis

159 4238 275 4288 staturas
291 4231 442 4295 hominem,
464 4232 629 4298 purissimum
653 4248 744 4298 penem
766 4232 915 4300 appellasse
936 4227 1051 4283 tunditur
1072 4243 1089 4282 a
1106 4226 1232 4280 Suetonio
1249 4225 1276 4276 in

160 4304 212 4359 tu.
228 4300 347 4358 Horatii.
382 4301 422 4353 Ex
438 4300 546 4355 illorum
562 4302 616 4355 VV.
630 4302 687 4355 llll.
705 4299 806 4355 rationu
822 4296 938 4370 hybrida
953 4302 1021 4351 ascl
1034 4314 1085 4351 vox
1101 4297 1276 4367 salaputium.-
