2768 4838
115 288 195 365 m
321 308 371 363 au
394 310 542 361 maana
565 308 758 365 amramis
780 306 1034 362 murana.

7 540 11 564 ¹
118 467 183 539 luit
199 463 339 558 quidem
351 464 528 535 necando
546 465 740 559 perdifficili
755 465 837 535 huic
851 471 1051 559 argumento
1072 461 1248 535 editorum

119 570 300 656 industria,
324 570 360 638 in
381 568 531 638 eruendo
545 569 781 639 nonnullorum
795 592 895 639 sensu
914 568 1068 638 locorum
1088 567 1246 637 felicissi-

120 697 195 755 ma3
228 670 290 742 sed
316 694 568 762 nonnumquam
592 672 681 742 adeo
703 672 883 743 temeraria
911 679 948 739 et
973 668 1246 761 conjecturarum

121 776 272 847 ludibriis
299 774 496 868 indulgens,
532 784 572 844 nt
596 776 722 869 ingenii
743 775 981 845 confidentiam
1003 772 1246 863 doctrinaeque

123 879 259 973 copiam
274 879 420 964 mireris,
445 887 481 946 at
494 876 623 971 justam
638 879 837 947 modestiam
853 887 888 947 et
910 877 1245 968 circumspectionem

122 981 159 1053 in
189 1002 303 1051 rerum
331 982 552 1051 obscurarum
577 982 862 1075 pervestigatione
888 980 1113 1050 necessariam
1139 979 1246 1071 plano

123 1082 307 1155 desideres.
363 1083 513 1153 Proinde
535 1108 697 1177 magnam
717 1086 861 1178 gratiam
893 1083 988 1176 apud
1012 1105 1090 1170 eos,
1122 1083 1246 1172 quibus

124 1188 233 1259 Poeta
244 1186 431 1257 Venusinus
446 1188 480 1256 ln
493 1187 621 1259 deliciis
635 1198 704 1281 est,
729 1190 798 1257 iniit
807 1184 1247 1279 'Philippus-‘Buttmunnuq

125 1280 184 1385 qui
198 1292 233 1359 in
245 1289 347 1358 docta
361 1289 652 1362 Commentatioue
666 1292 748 1360 illud
770 1299 1006 1384 argumentum
1021 1288 1134 1357 subtili
1146 1287 1249 1381 judi-

126 1395 181 1463 cio
199 1402 345 1461 tractare
361 1395 476 1487 coepit
492 1394 542 1485 ²).
593 1395 627 1464 ls
643 1417 720 1463 cum
736 1396 799 1462 alia
813 1394 919 1462 multa
937 1392 1113 1484 praeclare
1126 1391 1250 1485 ‹lispu-

125 1496 227 1585 tavit‚
251 1504 325 1563 tum
348 1497 449 1564 etiam
471 1496 540 1565 hoc
562 1506 660 1567 acute
679 1498 824 1584 monuit,
849 1497 902 1565 luis
922 1496 958 1563 in
976 1496 1077 1563 rebus
1100 1495 1252 1585 aliquam

126 1599 360 1672 auctoritatem
376 1622 450 1667 ease
464 1598 591 1669 debere
605 1600 871 1670 Scholiastarnm
885 1609 1036 1667 veterum
1048 1598 1253 1677 testimonio.

127 1701 233 1789 Quod
257 1724 360 1791 quam
382 1724 507 1797 verum·
520 1703 578 1792 sit,
607 1703 725 1772 illustri
747 1716 781 1772 et
802 1702 992 1787 anemius,
1019 1699 1113 1790 quod
1127 1702 1254 1793 ¹seiarri,

127 1802 371 1875 animadverso
382 1806 538 1901 exemplo
552 1806 735 1901 probatum
751 1806 852 1897 dare,
876 1803 971 1899 apud
995 1804 1144 1873 animum
1162 1828 1254 1875 con-
1359 1879 1360 1884 ,

128 1908 229 1979 stitui.
806 1918 810 1925 '
1009 1920 1012 1925 '
1056 1918 1076 1977 .“

231 2008 410 2079 Enarranti
433 2008 614 2102 aliquando
642 2012 677 2080 in
699 2010 824 2081 scholis
853 2008 935 2079 mihi
954 2004 1089 2076 Horatii
1106 2006 1206 2079 Libri
1223 2008 1254 2081 l.

126 2110 321 2207 Epistulam
336 2110 624 2207 uudedgesimam
648 2116 705 2183 ille
719 2117 814 2185 locus
837 2137 868 2183 r.
883 2107 944 2182 15.
960 2120 995 2179 et
1012 2108 1071 2179 lli.

232 2213 347 2308 Rupit
359 2212 539 2285 Iarbitam
556 2214 764 2312 Timagenis
777 2216 924 2313 cernale
936 2214 1077 2306 lingue,
1203 2292 1209 2299 ¹

233 2316 335 2389 Dum
346 2318 465 2388 dedet
478 2317 639 2390 urbanus
651 2320 831 2415 tenditque
845 2320 999 2388 disertm
1013 2314 1151 2386 nabet

129 2417 221 2491 viam
241 2430 360 2490 estex
383 2420 649 2492 Scholiastarunr
669 2422 943 2510 Commentariis,
968 2420 1183 2510 quantumvis
1202 2420 1256 2491 lu-

125 2512 274 2609 ceretis,
299 2521 431 2590 clariori
446 2523 523 2591 luce
537 2527 723 2594 collustrari
738 2549 851 2619 posse.
902 2523 1080 2610 Horatius,
1103 2522 1256 2617 inhujus

128 2618 308 2717 Epistolae
322 2623 489 2718 principio
506 2626 692 2695 admirabili
708 2616 786 2697 curu
799 2620 986 2697 urbanitate
1007 2636 1151 2717 prauum
1171 2651 1258 2697 suo-

130 2748 209 2795 rum
223 2726 412 2816 aequalium
422 2736 555 2815 veteres
567 2729 747 2825 scriptores
763 2730 915 2801 imitandi
930 2727 1077 2797 studium
1089 2733 1258 2822 perstrin-

126 2850 235 2925 ¹gens,
260 2828 420 2897 Iarbitam
443 2832 625 2922 quemdam
656 2843 695 2902 ut
728 2835 833 2929 inepti
865 2831 1039 2902 imitatoris
1062 2836 1258 2927 exemplum

126 2930 312 3027 proponit,
340 2932 415 3022 qui,
440 2957 518 3003 cum
530 2935 755 3029 Timagenem
769 2941 804 3008 iu
824 2932 1046 3005 declamando
1067 2938 1260 3009 aemulare-

127 3044 206 3135 Ρἱιιι,
245 3035 347 3103 luerit
376 3034 540 3129 diruptus.
615 3039 696 3108 dam
718 3040 886 3110 infelicem
915 3038 1152 3129 funestumque
1169 3041 1260 3113 illius

134 3154 250 3207 casum
264 3136 452 3208 Venusinus
471 3140 579 3209 Poeta
600 3150 728 3213 nutum
748 3146 845 3213 abest
865 3150 903 3211 ut
927 3141 1039 3229 aliquo
1065 3142 1261 3215 misericor-

134 3238 212 3309 diae
236 3262 336 3309 sensu
358 3250 530 3313 contactus
554 3244 691 3339 lugeat,
727 3256 767 3315 ut
792 3270 869 3317 eum
894 3243 997 3312 veluti
1018 3246 1262 3335 perridiculam

133 3366 208 3412 rem
227 3344 449 3435 omnibusque
468 3358 647 3439 pernotam
676 3350 794 3441 paucis
822 3346 926 3418 modo
949 3346 1061 3415 verbis
1079 3349 1261 3443 signillcet.

125 3444 215 3531 'Quo
227 3446 480 3538 majorem'lroc
498 3449 580 3517 facit
596 3451 821 3541 mirationem,
847 3474 890 3521 eo
902 3450 1011 3542 magis
1023 3449 1154 3521 videtur
1169 3476 1263 3547 ope·
1321 3463 1333 3477 “

133 3570 194 3617 rae
226 3550 371 3641 pretium
392 3572 483 3641 esse,
515 3556 699 3625 accuratius
725 3557 945 3648 investigare,
978 3554 1079 3623 miser-
1102 3556 1159 3625 ille
1184 3558 1264 3625 lar-

134 3649 206 3719 bita
226 3651 320 3745 cujas
348 3650 467 3742 inierit,
499 3663 550 3744 ct,
585 3657 750 3748 quidquid
770 3660 857 3731 illius
878 3656 961 3725 lacti
983 3655 1064 3748 suit,
1096 3660 1192 3752 quod
1215 3662 1262 3731 ab

124 3752 279 3891 ¹'lloratio
293 3754 349 3825 lde
362 3758 556 3853 respicitur,
579 3762 774 3833 testimoniis
790 3760 1054 3834 Scholiasturum
1069 3773 1105 3834 et
1116 3765 1265 3837 ullorum

123 4084 127 4093 ,
154 4004 176 4077 “,
204 4016 237 4089 ιι
265 4020 315 4077 nu
330 3990 488 4105 numanis
503 4023 713 4084 mamaea
742 4028 827 4086 ussa
851 4032 900 4087 u.
919 4030 1124 4088 arenauno
1143 4010 1202 4087 isa
1218 4034 1267 4091 e«

136 4086 335 4175 hcpiclungcn
349 4095 388 4147 iu
405 4092 511 4163 lictu,
535 4092 565 4149 ln
581 4094 715 4152 Messe
731 4100 812 4154 dead.
829 4100 892 4157 laitt.
908 4102 1026 4157 licralin
1053 4120 1078 4157 ι.
1096 4102 1174 4158 idi&
1194 4104 1268 4159 rael-

68 4158 552 4227 »maenianum
705 4164 1269 4243 aenam-magmate

132 4214 549 4367 qtg'fflz‘lffffl
569 4251 595 4293 ι.
617 4234 644 4293 ι.
680 4238 747 4331 ξιιι.
777 4238 898 4297 usos-
919 4242 956 4297 ra
1030 4241 1144 4312 (aar.
1160 4240 1270 4316 rara)
