2768 4838
341 255 455 367 ono.
481 276 822 329 arcturo-canno
843 272 1004 332 ronne.
1168 244 1249 330 ltt
1298 290 1303 307 ·

124 427 183 507 ille
204 434 390 506 litterarum
406 432 603 507 latinarum
624 443 785 531 patronas
796 430 846 505 ¹ac
865 426 1022 525 vindex,
1038 420 1116 528 qno'
1137 418 1251 533 magis

124 530 200 608 illos
223 545 372 632 pungat,
402 539 480 629 qui,
511 541 641 633 spretis·
659 540 858 610 Latinorum
877 547 1056 632 poetaram
1074 540 1249 633 operibns,

126 642 279 713 Graecos
301 642 400 709 unice
414 642 579 734 legendos
592 643 797 731 dictitarent,
821 642 977 711 Attiiinm
996 648 1251 733 commemorat,

126 742 229 837 cnjus,
241 742 433 833 Electram,
470 746 624 836 quamvis
644 747 734 815 male
755 767 798 815 ex
813 745 1014 838 ⁸Sophoclea
1041 764 1251 835 conversam,

127 857 241 917 tamen
263 866 301 917 se
324 842 441 938 legere
463 847 598 923 fatetur.
663 849 747 920 Jam
767 869 864 917 mom
884 847 930 916 de
947 846 1066 917 Attidio
1082 838 1254 940 judiciarii·

126 951 267 1019 illustrat
283 949 462 1040 firmatque
478 951 639 1020 consimili
651 950 771 1021 Licinii
791 949 968 1044 cujusdam
981 951 1160 1039 sententia,
1191 950 1262 1042 qni·

126 1056 208 1124 item
229 1052 383 1123 Attilium
412 1054 642 1123 nominaverat
660 1053 830 1149 jerrenm
858 1053 1088 1146 scriptorern,
1126 1074 1253 1123 verrem

127 1165 246 1227 temen
266 1155 496 1248 scriptorem,
529 1164 569 1226 ot
592 1157 769 1251 legendus
784 1156 845 1241 sit.
915 1155 1014 1225 H'aec
1036 1156 1126 1225 enim
1145 1157 1252 1225 verba

127 1258 211 1328 mihi
224 1256 381 1327 videntur
396 1255 550 1351 ejusdem
566 1282 640 1329 esse
653 1259 790 1329 Licinii:
814 1280 904 1349 quae
918 1259 947 1327 si
961 1280 1039 1326 cnm
1058 1250 1251 1328 Goerenzio

129 1371 164 1431 et
176 1359 338 1431 Schittzio
356 1360 511 1430 tribueris
528 1361 701 1450 Ciceroni,
727 1360 913 1430 admodum
934 1360 1112 1452 languent,
1144 1382 1250 1452 prae·

129 1463 242 1533 sertim
255 1461 485 1552 quum-modo
503 1464 674 1534 confessos
695 1473 800 1552 esset,
825 1486 863 1532 so
883 1462 990 1531 Attilii
1009 1462 1181 1531 Electram
1196 1463 1252 1531 le-

130 1566 239 1635 ctione
263 1564 403 1656 dignam
422 1563 599 1657 judicare,
639 1587 784 1658 eamque
813 1564 919 1654 adeo,
951 1563 1032 1655 qnia
1053 1563 1173 1633 Latina
1197 1565 1250 1653 sit,

129 1667 304 1761 praeferre
325 1665 550 1759 Sophocleae.
617 1668 717 1754 Quae
740 1690 817 1736 cum
836 1668 884 1735 ita
904 1666 986 1752 sint,
1030 1688 1098 1735 non
1119 1664 1265 1754 dubito,·

129 1771 212 1861 quin
229 1791 348 1838 verum
366 1767 510 1839 viderint
523 1773 565 1860 ii,
602 1773 664 1861 qui
681 1772 715 1839 in
734 1771 798 1838 iilis
819 1762 941 1838 Licinii
958 1768 1070 1838 verbis
1092 1776 1250 1838 versunin

132 1864 289 1957 numeros
304 1883 543 1964 agnoscerent,
558 1882 593 1945 et
608 1875 704 1943 iilum
719 1862 1016 1943 (tiaeronnlocnm
1033 1870 1081 1942 sic
1094 1871 1250 1969 1111101111

130 1974 191 2046 De
204 1995 273 2069 qno
287 1973 461 2045 Liciniae:
909 2063 912 2069 Ι
1260 2002 1263 2009 ·

223 2074 406 2151 -Ferrecm
431 2075 660 2173 scriptorem:
696 2096 841 2162 cenem,
880 2075 1017 2172 opinor,
1042 2075 1254 2173 emptorem

758 2186 896 2270 tomen,
1242 2206 1263 2227 -·

239 2279 288 2353 Ut
312 2281 488 2376 legendos
510 2283 567 2354 sit.

132 2384 183 2454 lta
194 2383 314 2465 Licinii
327 2387 430 2457 verba
444 2392 629 2479 praeeunte
644 2381 725 2455 GJ.
746 2380 868 2453 Vosn'o
882 2379 917 2455 d.
931 2381 1027 2452 Post
1036 2379 1111 2453 Lat
1120 2376 1205 2472 Cap.
1216 2376 1253 2450 l.

131 2511 168 2580 p.
193 2485 229 2558 7.
264 2487 428 2581 disposuit
460 2491 632 2577 Davisius,
671 2485 800 2581 rejecta
824 2486 944 2558 merito
974 2484 1058 2554 doh.
1087 2483 1255 2576 scaligeri

134 2589 366 2676 emendatione
381 2592 416 2661 in
429 2592 522 2686 App.
540 2592 586 2660 ad
599 2590 753 2684 Conject.
766 2589 800 2658 in
815 2590 955 2661 Varron.
968 2612 1004 2682 p.
1020 2585 1107 2656 lto.
1132 2586 1194 2678 (Τ.
1208 2584 1252 2655 11.

132 2716 168 2785 p.
188 2690 275 2763 246.
297 2694 352 2768 ed.
372 2693 488 2787 Bip.):
527 2693 701 2765 Ferreum
720 2693 930 2784 scriptorem
952 2691 1094 2784 opinor,
1131 2709 1266 2787 verm

135 2797 387 2889 exscriptorem
401 2805 520 2867 tomen
535 2805 611 2886 ete,
636 2798 716 2866 licet
729 2817 794 2889 per
809 2816 846 2863 se
866 2795 924 2863 illa
944 2815 1013 2863 non
1032 2792 1179 2863 absurda
1202 2791 1254 2880 sit,

133 2898 239 2969 modo
252 2921 283 2968 1.
299 2900 496 2994 exscriptor
515 2900 561 2969 de
580 2900 762 2991 interprete
782 2896 966 2990 accipiatur
981 2917 1049 2976 non
1062 2896 1254 2989 verborum,

135 3001 196 3072 sed
217 3024 331 3072 rerum
354 3026 413 3072 sen
433 3002 623 3096 argumenti
645 2999 785 3095 alicujus
804 3002 935 3093 operis,
967 2999 1052 3068 sicut
1072 2997 1125 3066 M.
1144 2997 1255 3065 Varro

136 3105 310 3198 complura
322 3105 366 3174 de
379 3104 539 3198 Magonis
558 3105 651 3176 libris
671 3103 838 3195 exscripta
857 3127 878 3172 a
899 3125 936 3172 se
955 3100 1079 3171 fatetur
1101 3099 1135 3167 11
1149 3099 1193 3168 It
1208 3098 1253 3167 lt

135 3203 490 3305 ub.110.5.§18.
509 3209 554 3283 Τ.
567 3207 595 3279 L
609 3210 648 3278 P.
663 3207 697 3277 l.
716 3231 754 3301 p.
771 3204 856 3277 249.
877 3204 982 3275 Schn.
1002 3202 1198 3295 Vossianam
1219 3208 1255 3269 et

136 3310 349 3380 Davisianam
362 3312 526 3382 rationem
541 3313 641 3381 etiam
655 3319 786 3380 secutus
801 3317 852 3377 est
870 3304 1170 3400 Wyttenbachim,
1194 3302 1256 3394 qni

20 3494 24 3502 ,
137 3413 182 3483 ad
194 3412 374 3501 11111111
390 3414 425 3485 in
439 3415 571 3485 Scholis
589 3414 740 3484 dictavit:
761 3411 931 3501 „Licinn
948 3408 1158 3503 cognomine
1171 3405 1255 3476 Cal-

137 3538 216 3603 111,
242 3517 378 3586 anino
400 3516 593 3606 Ciceronis,
612 3523 724 3611 poeta
737 3522 772 3585 et
786 3522 917 3586 orator.
977 3512 1047 3582 Est
1060 3510 1256 3589 hieverms

143 3618 358 3689 'I'rochoicns
380 3626 586 3690 tetrameter
608 3619 853 3704 catalecticus,
877 3615 945 3710 qut
965 3620 1102 3692 constat
1121 3619 1257 3707 septem

136 3720 287 3815 pedibus
301 3729 335 3792 et
347 3721 496 3794 dimidio
502 3752 517 3818 ,·
535 3747 623 3794 nom
641 3724 707 3793 iiic
719 3722 863 3806 citima,
881 3728 920 3790 nt
933 3715 1096 3811 legendus
1110 3716 1161 3803 sit,
1175 3720 1258 3785 sont

138 3824 272 3894 initium
287 3826 432 3897 secundi
446 3849 568 3897 versus
581 3823 738 3919 ejusdem
750 3823 904 3917 generis.
954 3820 1134 3893 Enrndem
1148 3818 1256 3909 (Atti-

137 3928 235 4020 liam)
254 3928 379 3999 Cicero
394 3928 657 4002 adstrinxit
671 3928 731 4002 2⁰.
743 3927 954 3997 durissimum
965 3932 1103 4018 poetam
1116 3923 1258 4026 vocat.}‘

139 4030 235 4099 Haec
249 4031 461 4104 innotuerunt
474 4032 558 4102 mihi
573 4055 616 4102 ex
628 4029 712 4102 Jan.
734 4028 866 4101 Theoti.
880 4026 1107 4122 Bergmanni
1119 4024 1258 4118 perele-
1279 4060 1282 4071 =

139 4134 231 4226 gant
256 4133 445 4206 Commont.
468 4135 504 4205 d.
526 4136 595 4208 Lit.
624 4134 762 4206 Condit.
785 4152 845 4227 ap.
868 4130 973 4201 Rom
991 4130 1129 4199 indeo
1151 4124 1305 4213 Recto-1·

143 4234 229 4308 Pon
244 4236 310 4308 Pr.
331 4260 439 4333 nsque
451 4238 504 4310 od
529 4237 735 4333 Vespasinn.
753 4235 899 4309 Caesar.
918 4233 1032 4328 Lugd.
1045 4228 1122 4304 Bat
1143 4222 1255 4299 18182
