2768 4838
143 267 222 351 ΖΜ
398 292 455 345 ιιι
480 292 514 345 o.
538 293 707 343 ranam
731 294 843 343 anno
868 294 1026 353 ronna.

141 445 233 513 titiae
249 452 400 514 recentes
414 445 557 538 Augusti
570 445 725 514 victorias
741 446 888 515 carmine
912 421 1133 517 celebrandas
1156 458 1266 518 sumat

142 550 224 618 etin
239 572 281 617 eo
295 550 445 617 tristitiae
463 573 504 617 ac
519 550 680 617 moeroris
696 549 850 618 levamen
864 560 1012 639 quaerat.

242 654 359 740 Haec,
386 676 488 772 quam
504 652 664 741 diximus,
692 649 787 738 Oda,
814 675 901 743 quae
917 655 1006 721 obv.
1024 651 1075 720 19
1093 677 1142 743 sq
1162 655 1264 722 dubi-

138 757 202 826 tari
223 757 341 845 nequit
362 756 443 846 quin
462 779 527 848 per
545 744 693 822 hiemem
714 777 744 821 a.
766 755 811 824 U.
836 755 875 827 C.
898 755 976 854 73}
1002 757 1190 847 composita
1210 759 1262 846 sit,

96 878 99 883 '
138 868 231 930 certa
244 861 383 950 quidem
396 867 448 927 est
465 858 558 926 testis
574 857 746 948 poeticae,
772 879 839 948 qua
855 859 998 979 Valgius
1012 860 1183 949 pollebat,
1206 861 1262 928 fa-

137 964 287 1050 cultatis,
312 980 424 1053 neque
442 970 556 1029 tamen
578 962 702 1028 diserta
722 961 817 1047 satis,
843 985 912 1050 quo
932 964 967 1029 iu
991 963 1173 1030 carminum
1194 986 1261 1054 ge-

136 1090 218 1137 nere
239 1060 385 1135 studium
406 1088 484 1133 cum
501 1064 602 1134 laude
624 1064 840 1132 collocaverit
854 1088 961 1134 suum
1024 1065 1095 1134 Sed
1116 1075 1259 1181 quanta-

141 1192 276 1259 cunque
291 1167 366 1259 ejus
387 1168 452 1236 luit
464 1154 590 1261 gloria,
617 1189 720 1257 quam
740 1167 803 1235 sibi
818 1168 990 1236 doctrinae
1006 1168 1167 1258 artisque'
1169 1191 1258 1260 poe-

130 1275 223 1351 ticae
238 1271 353 1340 studiis
367 1280 567 1391 pepererat,
594 1294 635 1339 ea
649 1271 797 1362 Virgilii,
822 1270 954 1339 Horatii
953 1271 1176 1392 aliorumque
1198 1295 1258 1341 ae-

135 1377 283 1468 qualium
297 1374 439 1442 nominis
456 1374 637 1466 splendore
652 1374 831 1441 obscurata
846 1397 914 1442 non
930 1375 991 1443 nisi
1003 1375 1122 1466 paucis
1136 1375 1258 1444 admo-

134 1479 251 1549 dum”
230 1501 336 1569 nsque
356 1478 490 1545 incertis
515 1477 560 1544 ad
575 1485 723 1545 nostram
736 1478 932 1545 memoriam
921 1476 1076 1570 perlata
1092 1487 1143 1546 est
1160 1479 1258 1546 testi-

132 1584 270 1669 moniis,
296 1604 384 1671 quae
403 1579 461 1647 hic
482 1603 559 1647 cum
579 1580 659 1672 ipsis
680 1602 821 1671 operum
843 1582 1084 1673 Valgianornm
1111 1582 1279 1672 reliquiis,

133 1680 326 1783 diligentius
350 1683 493 1752 collecta
517 1693 552 1752 et
567 1683 753 1752 accuratius
768 1685 956 1791 examinata
981 1683 1145 1756 dabimus.
1266 1672 1269 1677 ’

641 1830 747 1934 §.2

234 1990 314 2061 dam
344 1988 438 2080 quod
467 1988 633 2060 Asconius
660 1988 831 2058 Pedianus
858 1988 981 2059 alicubi
1014 1988 1113 2076 dicit,
1150 1990 1253 2061 moris

25 2082 234 2199 ,ἰήσει
248 2094 421 2179 Romae,
422 2101 477 2180 nt,
503 2093 531 2161 si
553 2094 627 2182 quis
647 2092 698 2160 vir
719 2093 897 2212 primarius
917 2093 1143 2163 ostendendus
1165 2103 1254 2163 esset

128 2197 331 2319 populo,1s
351 2195 623 2316 apraenomine,
648 2196 781 2263 nomine
796 2196 922 2315 gentis,
942 2205 1092 2286 epatre,
1118 2199 1252 2283 atribu,

127 2302 257 2391 inqua
276 2299 408 2369 censeri
428 2299 560 2383 solitus,
599 2307 635 2368 et
655 2322 677 2366 a
698 2299 900 2390 cognomine
922 2299 1182 2395 significaretu13
1215 2301 1253 2369 id

127 2404 251 2491 nobis,
277 2402 322 2471 de
344 2402 467 2495 Valgia
488 2411 593 2494 poeta
610 2402 824 2493 expositoris,
858 2424 900 2469 eo
924 2401 1032 2493 magis
1055 2388 1251 2471 faciundum

126 2525 203 2577 ἰσιι
222 2507 441 2589 arbitramur,
467 2527 535 2594 quo
550 2504 670 2595 majori
691 2505 884 2572 obscuritati
903 2504 1124 2595 pluribusque
1148 2505 1250 2574 dubi·
1351 2582 1354 2587 ,

125 2611 304 2679 tationibus
318 2607 470 2700 subjecta
483 2615 533 2675 est
553 2608 639 2675 illius
658 2606 735 2674 vita
788 2596 877 2675 Nam
892 2608 1034 2675 mirabili
1056 2632 1136 2677 casu
1157 2610 1249 2676 acci-

126 2712 194 2799 dit,
219 2720 258 2780 ut
273 2712 304 2779 ei
318 2733 527 2803 praenomen
545 2711 749 2778 tribueretur
764 2732 873 2798 eoque
889 2733 910 2777 ι
931 2712 1110 2801 gentilibus
1130 2712 1249 2789 distin-

126 2825 307 2909 gueretur,
333 2812 444 2902 quod,
471 2813 531 2882 etsi
544 2813 665 2882 nullius
685 2812 876 2881 testimonio
892 2822 925 2881 et
944 2816 1139 2884 auctoritate
1160 2816 1248 2883 inni-
1287 2895 1291 2898 ⁴

125 2918 263 2987 rebatur
284 2916 471 3009 scriptoris,
499 2938 711 2985 communem
731 2925 845 2984 tamen
865 2918 1031 3005 omnium,
1057 2919 1115 3008 qui
1133 2929 1249 2987 nostra

125 3014 296 3091 memoria
305 3020 419 3112 Valgii
435 3027 560 3112 poetae
572 3021 775 3087 mentionem
787 3020 917 3106 fecere,
944 3021 1101 3091 Virorum
1113 3023 1247 3093 Docto-

123 3132 201 3194 ιιιιιι
220 3144 392 3192 assensum
414 3123 555 3190 ferebat.
616 3122 703 3191 Hoc'
716 3131 753 3191 ut
765 3123 979 3215 intelligatur
999 3138 1101 3212 qua'm
1122 3149 1246 3196 vanum

123 3229 182 3315 sit,
209 3249 337 3320 operae
357 3225 504 3318 pretium
522 3226 586 3294 erlt
605 3225 736 3311 videre,
763 3224 821 3314 qui
835 3235 972 3314 praeter
992 3237 1148 3317 poetam,
1175 3240 1245 3319 quo

117 3328 171 3412 ¹de
185 3331 380 3421 loquimur,
399 3351 441 3397 er
457 3339 564 3421 gente
580 3327 702 3420 Valgia
723 3326 868 3417 aliquam
891 3332 1061 3399 consecuti
1077 3333 1203 3401 famam
1221 3356 1244 3405 a

122 3433 343 3529 scriptoribus
357 3431 519 3501 Romanis
536 3439 847 3499 commemorentur.

226 3534 475 3627 Gens'Valgia,
500 3535 596 3602 sicuti
617 3556 694 3602 non¹
706 3543 837 3604 constat
856 3534 999 3605 fueritne
1016 3537 1172 3630 plebeja‚
1198 3561 1242 3607 an

118 3640 277 3735 patricia,
302 3640 350 3707 ita
368 3660 479 3727 neque
492 3639 629 3728 antiqua
645 3637 779 3706 videtur
792 3638 896 3707 luisse
909 3662 1020 3729 neque
1034 3642 1184 3728 illustris,
1213 3642 1240 3710 si

119 3742 258 3833 quidem
279 3766 344 3833 per
372 3764 508 3810 omnem
531 3763 643 3811 rerum
664 3742 895 3809 Romanamm
920 3746 1117 3812 memoriam
1138 3768 1240 3814 nemo

117 3846 318 3937 Valgiorum
339 3847 522 3936 reperitur,
564 3845 623 3935 qui
646 3843 778 3912 Horatii
800 3846 999 3917 familiarem
1021 3859 1056 3917 et
1075 3857 1185 3915 aetate
1206 3856 1271 3933 et>
1374 3938 1377 3943 Ι

117 3949 260 4017 ιιοιιιιιιιι
280 3949 371 4015 fama
390 3972 431 4015 ac
456 3949 650 4017 celebritate
668 3949 808 4017 multum
832 3951 1054 4020 antecesserit.
1118 3950 1238 4019 Cicero

116 4050 260 4145 Epistol.
279 4049 742 4123 annivers..Lib.xl11.to.
768 4050 799 4119 F
798 4055 1002 4144 regellarum
1018 4053 1238 4141 quatuorviris

117 4162 152 4224 et
172 4155 406 4245 decurionibus
422 4154 636 4224 commendat
656 4152 696 4222 C.
713 4155 871 4247 Valgium
885 4155 1094 4247 Hippianum
1116 4177 1238 4245 quem-

116 4257 213 4351 dam,
240 4280 344 4353 quern
357 4255 529 4332 Μιιιιιιιιιι
542 4258 587 4347 Q.
601 4257 720 4353 llippii
734 4259 876 4361 tiliuma
892 4258 930 4333 G.
944 4258 1068 4355 Valgio
1088 4258 1238 4353 quodam
