2768 4838
145 286 223 363 lle
381 310 440 362 nn
466 309 499 360 c.
525 308 694 360 ararnio
720 306 1048 359 causoroara.

147 468 260 539 adbuc
273 475 308 536 ct
319 474 459 561 argutus
473 465 661 539 Atticorum
675 465 837 554 imitator,
856 466 993 535 cesserit
1009 464 1181 552 Ciceroni,
1207 465 1266 555 qui

142 590 209 642 'sua
228 572 379 640 oratione
396 572 468 640 rim¹
481 570 736 658 Demosthenis,
763 570 898 662 copiam
917 569 1065 638 Platonis
1086 579 1121 658 et
1135 569 1265 662 jucun—
1303 622 1305 627 .

148 677 287 745 ditatem
299 674 455 743 Isocratis
464 672 640 742 effinxerat
655 681 690 741 et
702 673 821 741 inforo
834 666 1026 762 caussisque
1039 672 1179 765 agendis
1187 672 1266 764 jam

149 785 376 849 consenuerat
427 776 576 846 Vatinius
593 776 714 867 igitur,
739 775 820 845 civis
834 771 1073 863 audacissimus
1097 785 1132 844 et
1151 774 1195 843 de
1209 776 1266 842 fa-

149 884 258 950 ctione
271 880 383 967 dives,
407 903 474 972 pen
486 878 684 975 Ciceronem
699 856 869 947 absolutlis
886 887 946 951 est.
998 878 1054 945 Ex
1068 879 1132 945 isto
1144 887 1265 970 patro-

149 985 236 1054 cinio
252 993 286 1053 et
307 1006 424 1051 caussa
437 983 556 1074 plusne
575 980 844 1073 reprehensionis
860 1004 904 1048 an
925 980 1032 1048 laudis
1052 980 1098 1048 ad
1114 982 1265 1077 'Ibllium

149 1086 242 1181 apud
259 1087 416 1175 aequales
435 1084 645 1172 redundarit,
671 1085 707 1152 in
729 1083 833 1153 dubio
855 1084 1047 1172 relinquunt
1063 1084 1263 1176 Scriptores.

148 1190 300 1259 Valerius
314 1188 450 1280 quidem
471 1187 640 1256 Maximus
661 1186 738 1259 Lib.
753 1185 810 1255 IV.
834 1209 865 1254 c.
881 1184 914 1256 2.
927 1209 960 1255 n.
975 1185 1011 1254 4.
1064 1185 1262 1256 Ciceronem

43 1280 47 1288 ⁴
147 1317 216 1362 non
230 1301 358 1360 tantum
372 1299 475 1383 negat
489 1289 611 1358 Vatinii
632 1288 827 1358 defensione
848 1290 989 1358 levitatis
1012 1299 1047 1358 et
1072 1290 1262 1359 inconstan-

147 1396 213 1466 tiae
234 1403 348 1463 notam
366 1394 650 1486 ignominiamque
671 1392 827 1476 subiisse,
859 1392 922 1460 sed
935 1392 1152 1462 humanitatis
1174 1393 1262 1461 adeo

148 1499 221 1592 ejus
242 1498 337 1566 laudi
360 1496 583 1565 indefectam
612 1518 686 1563 esse
710 1493 885 1564 contendit·
901 1497 1144 1586 accessionem,
1185 1497 1264 1587 quia

148 1602 330 1694 speciosius
361 1600 530 1689 aliquanto
560 1597 699 1690 injuriae
727 1598 897 1667 beneficiis
923 1599 1111 1686 vincantur,
1159 1623 1264 1695 quam

147 1706 253 1774 mutui
275 1700 343 1772 odii
362 1702 546 1795 pertinacia
564 1709 756 1793 pensentur.
828 1701 871 1769 Id
891 1703 1041 1791 quamvis
1068 1725 1186 1770 verum
1209 1704 1263 1789 sit,

148 1806 273 1875 adduci
285 1815 396 1873 tamen
410 1826 479 1872 non
489 1808 643 1896 possum,
669 1814 706 1871 ut
719 1803 801 1872 illud
814 1803 1010 1872 humanitati
1022 1804 1094 1896 ejus
1108 1805 1261 1873 tribuen-

149 1910 231 1978 dum
257 1895 390 2000 putem,
429 1915 487 1975 aut
504 1908 635 1976 innatae
657 1908 789 1975 cuidam
818 1908 919 1999 animi
944 1907 1159 1995 mollitudini,
1192 1932 1262 1999 qua

149 2013 269 2081 ductus
284 2034 361 2078 cum
380 2019 450 2078 tam
464 2009 598 2103 perdito
614 2011 705 2097 cive,
731 2011 837 2100 qualis
850 2012 999 2080 Vatinius
1021 2021 1109 2098 erat,
1136 2019 1170 2078 et
1183 2006 1262 2082 cuin

147 2114 294 2202 bomine,
316 2136 395 2182 suae
413 2113 566 2206 dignitati
580 2137 715 2205 semper
726 2114 860 2202 infesto,
873 2137 953 2182 vere
965 2115 1000 2182 in
1013 2115 1156 2208 gratiam
1168 2115 1262 2184 redi-

149 2219 212 2316 erit
227 2227 261 2286 et
283 2219 330 2285 ita
341 2216 477 2309 injurias
492 2218 664 2286 beneficiis
684 2226 913 2286 remuneratus
933 2219 983 2287 sit.
1030 2219 1165 2285 Etenim
1178 2217 1261 2287 mibi

147 2343 218 2390 non
241 2319 380 2389 dubium
404 2329 471 2408 est,
503 2320 583 2412 quin
602 2319 693 2395 illud
709 2320 853 2408 factum,
885 2321 970 2388 sicut
990 2343 1106 2389 omnes
1126 2321 1209 2390 boni
1226 2321 1261 2389 in

147 2425 229 2492 Viro
244 2422 437 2509 Consulari,
463 2446 565 2513 quem
586 2424 631 2491 ob
647 2432 812 2491 servatam
828 2446 849 2491 a
863 2422 1025 2493 Catilinae
1047 2424 1205 2492 incendiis
1225 2431 1261 2492 et

146 2527 271 2619 rapinis
287 2526 431 2618 patriam
449 2526 623 2617 septennio
640 2534 716 2593 ante
731 2526 869 2594 Patrem
881 2527 1014 2609 Patriae
1027 2527 1260 2614 salutaverant,

146 2650 215 2701 non
232 2638 368 2721 possent
382 2650 450 2696 non
466 2628 595 2717 mirari,
620 2627 667 2695 ita
680 2626 801 2697 Cicero
818 2629 893 2720 ipse
908 2652 1023 2698 secum
1041 2630 1261 2722 improbave-

147 2733 190 2801 rit
208 2742 241 2800 et
261 2730 541 2800 condemnaverit
592 2730 695 2800 Hunc
709 2730 813 2799 Tullii
830 2732 977 2801 animum
993 2741 1151 2801 testatum
1170 2732 1261 2820 facit,

148 2836 176 2904 si
200 2833 281 2924 quid
303 2834 422 2921 video,
454 2834 716 2903 elaboratissimo
741 2835 800 2904 illa
828 2833 984 2927 Epistola
1006 2834 1051 2903 ad
1078 2835 1261 2905 Lentulum

147 2937 223 3007 Lib.
243 2937 269 3005 1.
292 2937 338 3005 ad
357 2937 432 3006 Diu.
450 2935 503 3024 la,
536 2937 571 3005 in
592 2960 660 3027 qua
681 2937 789 3006 amico
811 2938 1004 3023 sciscitanti,
1031 2961 1092 3005 cur
1112 2937 1262 3028 Caesari,

146 3041 283 3134 Appio,
310 3038 432 3109 Crasso
447 3049 482 3108 et
498 3039 647 3128 Vatinio,
672 3062 758 3130 quos
780 3049 817 3108 at
833 3041 974 3131 quisque
990 3049 1061 3108 erat
1074 3042 1204 3132 patriae
1219 3065 1260 3109 ac

146 3144 306 3212 libertatis
322 3143 581 3229 amantissimus,
595 3142 643 3211 ita
654 3143 797 3210 maxime
810 3142 939 3212 habere
952 3142 1100 3215 debebat
1112 3144 1260 3233 infestos,

147 3246 376 3316 reconciliatus
397 3248 455 3331 sit,
486 3246 631 3314 rationes
658 3244 742 3313 illius
766 3245 847 3312 facti
876 3247 1030 3339 exponit,
1062 3268 1207 3341 operosa
1225 3258 1261 3316 et

148 3350 245 3418 anxia
258 3349 406 3439 quadarn
418 3371 497 3417 usus
510 3347 739 3434 excusatione,
759 3370 827 3439 qua
839 3350 946 3417 amico
961 3348 1175 3438 satisfaceret,
1193 3353 1259 3420 ibi-

148 3475 216 3543 que
228 3438 339 3520 omffla
352 3450 396 3521 ad
407 3449 581 3542 Pompeji,
604 3451 732 3542 optime
748 3414 792 3519 de
805 3475 841 3521 se
854 3452 977 3538 meriti,
991 3455 1258 3523 intercessionem

149 3565 183 3625 et
204 3557 435 3625 auctoritatem
454 3554 568 3622 refert
619 3554 733 3642 Atque
751 3555 852 3623 istum
873 3555 1043 3625 Ciceronis
1063 3558 1097 3626 in
1114 3559 1259 3649 gratiam

148 3680 226 3727 oum
247 3657 379 3727 Vatinio
400 3657 546 3726 reditum
569 3677 636 3724 non
655 3657 895 3748 voluntarium,
921 3659 983 3729 sed
1001 3669 1170 3747 coactum,
1194 3682 1257 3727 ne-

146 3855 239 3919 sorio,
257 3874 308 3910 non
324 3857 475 3926 confusas),
491 3858 525 3910 de
540 3871 594 3924 qua
607 3853 768 3909 Octavianus
783 3857 934 3912 adolescens
946 3859 1052 3924 jocatus
1064 3858 1158 3911 ferum.
1180 3857 1257 3914 lllam

148 3924 307 3979 amariorem
323 3927 455 3980 Ciceronis
477 3925 652 3979 urbanitatem
668 3925 803 3993 Vatinius,
826 3927 908 3981 bomo
931 3928 1040 3981 minime
1062 3924 1195 3992 inflectas,
1213 3929 1257 3997 (v.

147 3992 257 4048 Seneca
274 3995 300 4051 d.
317 3997 404 4049 Caust.
422 3997 483 4062 Sap.
502 3995 584 4051 asli.
602 3997 628 4057 θ.
645 3994 692 4063 3.)
719 3996 791 4048 ultus
813 4003 854 4049 est
877 3997 932 4062 sic,
957 4003 988 4049 ut
1005 3995 1156 4048 Ciceronem
1173 3999 1257 4067 glori-

39 4119 43 4126 ,
148 4069 251 4129 eutem,
268 4080 298 4116 se
314 4063 487 4132 reipublicae
505 4063 624 4118 bumaris
648 4065 680 4116 de
701 4064 795 4118 exsilio
818 4071 978 4133 reportatam
995 4081 1051 4117 esse
1067 4063 1257 4137 interrogarets

151 4134 225 4186 Unda
243 4150 306 4201 argo
324 4134 371 4186 tsbs'
387 4134 510 4187 conces?
532 4133 587 4189 vid.
604 4133 723 4186 blaerob.
739 4134 796 4187 Set.
813 4135 863 4188 lll.
878 4152 901 4189 e.
918 4135 945 4188 d.
962 4150 1027 4201 quoa
1043 4134 1135 4188 Cicero
1152 4136 1179 4188 in
1196 4156 1258 4191 eru-

23 4234 30 4277 ;
146 4203 220 4255 ribus
236 4201 342 4256 babuits
365 4203 434 4256 unde
450 4205 582 4257 vanam
602 4203 715 4270 Arpinas
739 4218 781 4269 ap.
807 4202 896 4257 Sidon.
914 4204 935 4256 Α
955 4204 1002 4254 oli
1025 4203 1108 4270 Epist.
1125 4204 1155 4260 V.
1173 4205 1201 4263 5.
1220 4210 1257 4264 af,

145 4272 254 4342 Quintil.
271 4273 293 4326 1.
312 4271 360 4327 Cr.
377 4272 424 4327 Xl.
440 4289 465 4329 a.
480 4271 508 4327 8.
526 4276 553 4341 S.
570 4271 633 4327 lea
648 4271 714 4340 ibiq.
729 4271 869 4344 Spalding.
885 4264 920 4328 Τ.
951 4273 980 4327 V.
996 4289 1023 4341 {a
1039 4272 1148 4345 44719.
