2768 4838
209 297 286 372 148
450 320 506 372 ιιι
532 326 564 376 c.
589 323 759 373 unuvro
783 323 916 374 curn-n
939 322 1099 373 roura.
1165 337 1170 347 ¹

211 501 253 549 ac
280 501 382 549 curae
410 477 448 549 iis
478 479 671 549 tribuissent
698 479 828 572 poetis,
864 500 1009 570 quorum
1034 500 1159 570 opera,
1198 485 1336 570 praeter

211 606 322 678 pauca
331 583 534 676 fragmenta,
559 584 721 675 temporis
736 583 911 651 absorbuit
928 583 1153 674 longinquitas
1170 603 1333 670 quorum-

211 709 279 779 que
292 687 490 755 memoriam
509 708 577 754 nou
596 686 658 755 nisi
675 685 831 775 tenuibus
853 694 1019 753 servatam
1036 684 1182 776 vestigiis
1206 685 1251 751 ad
1270 708 1332 752 nos

178 844 182 853 .
211 789 399 858 transmisit.
465 788 559 874 Quot
583 789 673 858 enim
701 789 837 881 ingenia
860 789 921 856 illo
947 812 984 856 se
1006 788 1225 880 proferebant
1247 811 1331 855 aevo

211 902 313 983 atque
331 891 555 960 ostentabant!
608 892 703 976 Quot
720 900 845 984 poetae
861 890 1034 977 exstitere,
1060 889 1201 981 Virgilio
1216 890 1332 958 Hora-

208 997 328 1087 tioqne
344 995 551 1085 aequaleset
566 993 786 1085 familiaritate
809 994 1019 1083 amicitiaque
1032 992 1163 1085 juncti,
1190 993 1249 1087 qui
1271 1017 1331 1061 ea-

210 1099 290 1167 dem
306 1106 488 1166 traoturent
505 1097 614 1165 studia
628 1105 663 1165 et
677 1119 756 1165 cum
771 1096 833 1165 illis
848 1119 916 1164 non
927 1096 1001 1165 siue
1018 1094 1235 1187 popularium
1249 1116 1331 1164 suo-

163 1257 166 1266 ,
209 1224 288 1270 rum
308 1200 474 1292 applausu
499 1223 540 1267 ac
568 1200 685 1268 favore
720 1200 764 1268 de
789 1200 910 1268 eadem
942 1198 1183 1266 contenderent
1211 1199 1330 1267 laude·

213 1326 357 1422 quorum
372 1304 474 1371 veluti
496 1303 748 1373 intermortuam
766 1298 964 1371 memoriam
985 1301 1230 1389 revocandam,
1255 1292 1330 1369 me-

148 1468 152 1481 ,
211 1408 275 1475 rita
296 1405 459 1497 cujusque
480 1405 517 1472 iu
535 1407 672 1497 poesin,
707 1415 866 1496 quantum
899 1404 972 1497 ejus
998 1400 1086 1472 lieri
1098 1406 1220 1523 possit,
1263 1405 1330 1473 suis

210 1508 430 1601 ponderanda
444 1530 518 1576 esse
536 1511 711 1577 momentis
728 1518 763 1577 et
777 1507 987 1593 docendum,
1014 1530 1082 1596 qua
1096 1507 1237 1597 quisque
1251 1530 1329 1576 usus

165 1699 168 1707 Ι
210 1612 312 1680 fuerit
323 1612 411 1678 vitae
427 1610 633 1697 conditione,
658 1611 856 1704 priusquam
871 1610 915 1678 de
937 1610 1078 1702 poeticis
1097 1632 1218 1677 aureae
1234 1619 1331 1677 aeta-

209 1716 250 1783 tis
285 1713 401 1782 studiis
429 1713 650 1803 universaque
686 1715 821 1783 illorum
852 1723 1044 1805 temporum
1069 1714 1197 1780 ratione
1234 1722 1329 1780 certo

142 1834 145 1838 ’
209 1815 416 1910 pronuntiari
435 1817 599 1905 statmque
613 1818 736 1908 possit,
763 1840 862 1886 nemo
884 1810 951 1903 est,
976 1815 1061 1905 quin·
1078 1815 1249 1906 intelligat.

210 1964 215 1971 -
314 1918 404 1989 luter
420 1919 495 1986 illos
512 1928 624 1987 autern
640 1930 774 2011 poetas,
806 1942 950 2010 quorum
970 1919 1133 1986 memoria
1151 1927 1185 1984 et
1203 1918 1327 2010 ingenii

210 2019 453 2122 doctrinaeque
476 2021 548 2095 laus
573 2023 658 2089 mira
679 2024 824 2091 fatorum
850 2023 1021 2112 iniquitate
1044 2021 1070 2089 si
1098 2043 1168 2089 non
1188 2043 1326 2112 prorsus

211 2122 342 2210 deleta,
364 2134 402 2191 ιι
415 2123 594 2192 obscurata
608 2136 721 2193 tamen
743 2125 787 2193 ad
799 2126 1029 2217 posteritatem
1053 2133 1103 2192 est
1120 2116 1327 2215 propagata,
1360 2117 1362 2121 ’

208 2248 278 2295 uon
304 2174 458 2296 ιιιιιιιιιιι
488 2226 602 2299 locum
629 2229 856 2297 teneremdu
773 2227 1014 2296 rmhividetur
1049 2223 1158 2318 Cujus
1179 2220 1328 2295 Haletos

212 2328 346 2398 Giano:
371 2331 535 2419 quicum
543 2332 636 2398 vivus
660 2332 916 2400 clarissimorum
939 2332 1088 2398 virorum
1108 2329 1326 2397 familiaritate

113 2431 117 2437 ’
207 2441 242 2499 ot
264 2424 408 2499 auricitia
426 2433 562 2500 floreret
577 2441 611 2500 et
630 2456 651 2499 a
666 2436 829 2502 nonnullis
861 2435 1051 2523 aequalium
1072 2442 1260 2525 poetarum
1278 2433 1324 2499 ob

208 2522 394 2602 doctrinam
428 2536 682 2626 carminumque
723 2537 959 2657 praestantiam
997 2558 1122 2626 magna
1152 2543 1327 2603 ornaretur

192 2636 327 2734 ἰιιιιιι,
355 2636 469 2704 nostra
485 2646 594 2706 aetate
606 2628 735 2707 nullum
750 2640 799 2707 sui
814 2640 938 2731 ingenii
958 2662 998 2706 ac
1020 2639 1204 2706 studiorum
1225 2638 1326 2706 aesti-

206 2749 371 2806 matorem
384 2749 518 2841 nactas,
544 2750 680 2810 aeterna
699 2743 805 2812 fenne
821 2743 960 2810 obrutus
976 2750 1028 2809 est
1043 2740 1219 2808 oblivione
1247 2740 1327 2830 Qua

166 2918 169 2926 Α
209 2864 291 2910 cum
300 2860 514 2932 nequaquam
528 2845 570 2912 ιιι
585 2844 726 2937 dignus,
753 2846 798 2915 de
820 2868 862 2913 eo
878 2848 925 2912 ita
941 2845 1124 2942 disputare·
1121 2843 1263 2963 placet,
1288 2840 1327 2912 ιιι

207 2936 364 3036 dapitl
378 2945 547 3035 quidquid
571 2946 671 3016 de
640 2972 712 3040 eJus
739 2950 807 3041 vita
827 2949 911 3016 milri
931 2948 1088 3034 innotuit,
1119 2946 1154 3013 iu
1176 2947 1327 3017 medium

204 3042 399 3138 proferam
415 3047 535 3140 Capit
554 3048 597 3115 ll.
615 3050 708 3119 de
675 3074 747 3143 eJus
761 3052 918 3144 ingenio,
946 3051 1098 3118 doctrina
1118 3058 1153 3116 et
1168 3036 1326 3119 carmini-

204 3144 269 3217 b'us
283 3170 403 3242 agam,
430 3161 465 3218 et
479 3150 589 3242 Cupit.
606 3152 665 3221 ιιι
691 3154 875 3222 carminum
895 3152 967 3245 ejus
986 3152 1195 3243 fragmenta,
1223 3163 1325 3244 quot-

204 3252 288 3341 qu'ot
301 3252 405 3349 hodie
412 3263 599 3345 supersunt,
613 3264 686 3326 tum
699 3258 840 3327 aliorum
854 3264 927 3327 tum
938 3256 1020 3324 mois
1032 3256 1195 3326 illustrata
1204 3257 1324 3328 obser-

204 3354 391 3426 vationibus
410 3378 614 3451 proponam.

514 3706 517 3713 ,
613 3610 980 3711 Οιιιιιι.ι

202 3793 296 3868 De.
337 3784 496 3894 Cafo·
539 3798 790 3874 Helvii
838 3801 1100 3899 Cianos
1136 3798 1318 3875 Vita}

712 3984 751 4120 ς’.
777 4020 815 4099 1

304 4167 395 4238 cum
417 4170 544 4244 Cinnae
564 4198 689 4246 nomeu
709 4176 744 4246 in
760 4177 900 4248 historia
920 4181 1078 4250 Romana
1101 4178 1230 4249 haud
1219 4201 1321 4272 igno-

200 4268 269 4340 bile
282 4271 348 4361 sit,
365 4274 569 4368 pluresque,
587 4302 647 4370 qm
635 4281 744 4348 illud
756 4294 950 4374 gessemut,
966 4280 1166 4357 nominatim
1181 4307 1202 4354 e
1217 4292 1321 4376 gente
