2768 4838
160 214 264 315 soo‘
339 262 390 316 os
412 261 447 333 o.
466 262 618 313 norum
640 259 771 313 nascor
793 260 1138 318 omncmrormos.

158 418 252 492 lrnne
264 418 437 493 homiuem
447 418 614 490 malevola
626 414 967 514 iniquitate'deipsius
975 420 1276 494 Satiris'statuisset

157 526 195 594 id
214 526 308 615 quod
329 533 500 595 attestatur
519 518 636 593 Acron
655 523 701 592 ael
723 525 794 594 Sat
814 524 841 596 l.
866 525 901 592 2.
923 547 955 594 v.
969 524 1004 593 3.
1043 524 1134 595 Ideo
1156 535 1278 595 auton

157 628 250 698 dixit
274 629 484 720 ,‚eontoris“,
507 627 593 719 puin
604 624 793 696 dicebatur
805 627 841 695 in
850 628 1029 718 poematis
1041 629 1114 696 suis
1124 630 1279 720 placere

156 752 252 818 uoce,
275 752 346 801 non
360 730 559 801 carminum
573 725 762 821 probitate.
813 729 955 799 Mutato
976 731 1115 799 nominc
1127 753 1199 824 per
1219 733 1277 801 in-

155 834 293 904 sidiam
320 838 546 922 ‚,curttorem“
565 833 782 924 promusico
795 832 1150 902 obtrectatorieclicit.
1191 834 1277 905 Fuit

155 945 276 1007 murm
289 930 494 1005 modulator
508 936 660 1028 optimus
673 936 711 1004 in
723 935 898 1006 Sardinia
911 944 1034 1004 nctus:
1059 938 1089 1005 is
1110 940 1277 1008 caranico

154 1039 300 1113 Horatii
316 1038 479 1133 negabat
497 1039 587 1108 sotis
605 1038 725 1130 perite
747 1060 824 1108 esse
842 1039 1044 1124 modulato,
1080 1046 1114 1108 et
1138 1041 1276 1112 idcirco

155 1144 319 1236 carpitur
342 1140 390 1212 ub
408 1140 488 1211 illos
512 1142 635 1211 eadem
657 1140 764 1210 habet
785 1141 992 1210 Scholiastes
1014 1140 1118 1231 Cruq.
1155 1136 1276 1214 Priora

153 1245 255 1339 lrujus
274 1253 373 1314 notae
396 1246 501 1314 verba
520 1245 548 1313 si
569 1253 662 1313 recte
683 1244 854 1337 percipio,
880 1245 1044 1336 'ligellius
1065 1246 1139 1335 ipse
1158 1249 1274 1338 poeti-

155 1372 231 1418 cam
243 1350 353 1441 tetigit
367 1357 403 1418 et
414 1349 540 1441 scripta
558 1368 579 1415 a
599 1369 637 1416 se
656 1347 805 1422 carmina
826 1348 993 1417 recitavit:
1019 1348 1113 1436 quod
1133 1351 1273 1438 quidem

153 1453 350 1541 neutiquam
377 1452 430 1520 ab·
456 1449 623 1543 ejusmodi
649 1449 896 1518 modulatomm
931 1450 1068 1541 ingenio
1098 1451 1271 1542 abhorret,

154 1555 285 1647 quippe
306 1556 364 1645 qui
384 1575 449 1647 pro
461 1575 526 1631 ¹sno
546 1554 635 1621 lustu
663 1574 705 1619 ac
726 1554 868 1620 vanitate
892 1552 1069 1622 Musarum
1090 1553 1177 1622 lacte
1202 1578 1271 1625 non

152 1659 255 1745 tincti,
273 1657 336 1725 sed
356 1656 503 1725 innutriti
516 1656 579 1724 sibi
592 1654 796 1743 viderentur,
811 1655 957 1745 ideoque
973 1657 1196 1725 inverecunda
1209 1682 1269 1727 re-

152 1760 376 1853 prehensione
407 1757 694 1852 praestantissimis
720 1759 832 1851 poetis
867 1758 1099 1830 detrectarent.
1141 1814 1146 1821 .
1174 1759 1270 1830 Ecce

150 1864 253 1956 igitur
284 1863 337 1935 M.
369 1862 535 1956 'ligellius
565 1862 801 1954 Hermogenes
832 1862 967 1931 Horatii
998 1863 1123 1931 Satires
1159 1865 1268 1955 perite

33 2012 37 2019 -
149 1966 340 2035 modulatas
365 1989 439 2035 esse
471 1975 669 2058 negaverat:
699 1966 756 2033 cui
780 1966 963 2058 vituperio,
996 1966 1039 2033 ab
1071 1964 1269 2058 Hermoge-

149 2069 200 2136 nis
224 2069 382 2137 convivis
414 2068 560 2159 aliisque
598 2068 636 2136 id
662 2091 771 2161 genus
800 2068 991 2136 hominibus
1033 2067 1127 2157 haud
1163 2069 1268 2138 dubie
1347 2142 1355 2153 „

147 2173 311 2264 repetito,
344 2172 392 2240 sic
423 2172 623 2241 occurrebat
658 2181 762 2264 pocta
794 2181 908 2240 noster
940 2172 1011 2240 Sat:
1038 2171 1065 2242 l.
1088 2171 1124 2240 4.
1153 2196 1184 2242 v.
1216 2160 1267 2240 39

147 2296 210 2367 sq,
236 2286 273 2344 ut
289 2275 435 2359 (liceret,
460 2296 497 2343 se
519 2298 692 2345 sermones
716 2276 879 2361 scribere,
904 2297 973 2342 non
999 2276 1154 2344 cannina
1187 2276 1267 2344 Ho-

56 2379 59 2383 ’
146 2378 249 2448 ratius
285 2378 419 2447 videtur
439 2400 504 2470 per
534 2377 682 2447 hiemem
702 2401 732 2446 a.
748 2376 793 2450 U.
814 2376 855 2446 0.
882 2376 970 2477 iffi.
995 2379 1164 2469 scripsisse
1188 2401 1267 2447 car-

145 2494 225 2550 m'en
252 2483 399 2551 ormrium
426 2482 592 2573 primum,
623 2481 767 2550 Satiram
795 2480 890 2550 Libri
916 2479 943 2551 l.
977 2481 1172 2573 septimam,
1208 2483 1265 2550 cni

144 2606 239 2671 rem,
273 2608 361 2675 quae
384 2585 420 2653 in
440 2583 537 2651 Bruti
561 2585 675 2653 castris
704 2580 890 2675 acciderat,
913 2594 1155 2676 argumentum
1181 2586 1265 2653 sub-

139 2685 282 2778 jecerat.
332 2686 374 2755 ld
397 2686 474 2755 novi
495 2688 629 2777 generis
654 2708 789 2755 cannen
811 2710 888 2754 cum
909 2687 943 2754 in
963 2687 1085 2778 vulgus
1106 2687 1266 2756 emissum

146 2799 250 2877 esset,
277 2787 410 2858 videtur
431 2789 550 2882 plures
570 2790 813 2882 vituperatores
836 2790 1000 2859 invenisse
1018 2812 1122 2879 quam
1141 2790 1265 2858 lauda-

145 2899 246 2961 tores.
303 2891 501 2973 ln'illorum
525 2915 665 2962 numero
691 2893 859 2986 Tigellius
887 2914 1022 2982 qnoque
1044 2893 1169 2978 fuerat,
1205 2894 1264 2983 qni

143 2995 228 3063 illud
246 3002 283 3063 ut
301 3018 423 3086 parum
447 2997 738 3064 accommodatum
761 2996 807 3063 ad
827 2995 946 3065 modos
967 2997 1109 3065 musicos
1129 3005 1264 3067 notaret

144 3105 179 3167 et
204 3090 444 3169 contemneret.¹
500 3098 598 3168 Haec
623 3121 762 3167 censura
784 3098 999 3166 modulatoris
1023 3098 1126 3190 inepti
1145 3099 1262 3168 Hora-

57 3265 59 3273 ,
142 3200 226 3270 tium
250 3202 397 3295 graviter
416 3203 602 3295 pungebat
653 3200 788 3272 Accidit
807 3223 907 3282 vero,
940 3210 977 3269 ut
996 3201 1059 3269 iste
1078 3202 1261 3270 homuncio

140 3326 183 3372 ac
194 3313 330 3373 nasutas
345 3326 463 3373 censor
475 3305 579 3397 paulo
591 3304 704 3397 posti
720 3328 749 3373 e.
764 3326 828 3396 per
842 3312 1001 3373 aestatem
1015 3326 1045 3370 a.
1062 3303 1107 3376 U.
1116 3302 1156 3374 C.
1173 3303 1260 3372 114.

139 3416 337 3487 moreretur.
390 3407 469 3490 Quo
485 3408 575 3475 facto
596 3406 741 3475 Satiram
762 3406 945 3476 secundam
963 3407 1094 3498 scripsit
1115 3431 1261 3496 eamque

138 3510 233 3579 velut
267 3509 434 3603 Epieedio
456 3510 497 3577 in·
519 3510 609 3576 istius
629 3519 774 3579 mortem
790 3531 928 3578 exorsus
959 3510 1148 3599 aequalium
1168 3510 1259 3597 vitia,

138 3621 178 3681 nt
189 3608 581 3701 adulteriaincestosque
599 3635 730 3683 amores
746 3635 945 3704 puerorum,
967 3613 1259 3682 vehementissime

139 3715 327 3809 exagitavb.
379 3714 459 3799 Qua
475 3713 612 3804 quidem
627 3714 736 3783 Satira
756 3738 833 3784 cum
853 3718 976 3784 multos
1000 3716 1166 3806 laesisset,
1196 3738 1258 3784 ex·
1288 3760 1291 3764 ·

137 3816 312 3904 stiterunt,¹
331 3817 389 3907 qui
413 3816 517 3908 ipsius
538 3817 736 3887 carminibus
761 3819 989 3887 obtrectarent
1010 3827 1044 3887 et
1061 3820 1258 3887 nominatim

137 3919 327 4005 Lucilium,
353 3919 483 3989 Satirae
504 3920 731 4008 inventorem,
757 3920 917 3990 efferrent
933 3945 974 3988 oc
995 3934 1255 4013 praeponerent.

135 4020 315 4114 Ejusmodi
337 4022 635 4093 obtrectationibus
655 4034 869 4116 exasperatus
890 4023 1023 4116 scripsit
1042 4047 1129 4091 anno
1149 4023 1195 4093 U.
1212 4023 1253 4092 C.

136 4122 224 4194 tlt.
240 4125 354 4195 medio
369 4127 514 4218 Satiram
533 4137 704 4217 quanam,
728 4129 763 4194 in
777 4150 846 4217 qna
864 4128 908 4195 de
921 4127 1106 4196 Satirarum
1120 4150 1256 4194 suarum

136 4228 254 4303 nultus
268 4230 402 4342 rte-lege
423 4231 595 4325 exposuit,
621 4252 767 4322 suosque
781 4230 1061 4325 reprehensores,
1086 4231 1144 4321 qui
1168 4231 1248 4299 alio-
