2768 4838
418 291 482 342 on
522 292 723 341 naevio
763 292 955 369 uonna.
1197 272 1250 347 '18

126 444 262 540 tragicis
283 447 454 538 utriusque
475 448 675 538 antiquitatis
695 448 814 541 populi
833 445 942 540 poetis
963 444 1132 515 celebrata
1147 448 1249 519 etlo-

126 551 324 620 cusHoratii
338 550 380 621 A.
394 551 434 618 Ρ.
447 574 478 619 v.
496 550 582 622 123.
606 560 745 619 testatur
763 561 797 619 et
811 548 1001 643 nuperrime
1021 547 1137 615 docuit
1152 550 1250 619 Wei-

126 656 247 723 ckems
276 653 311 720 in
329 652 403 725 libr.
453 651 527 722 Die
550 648 802 745 Aeschyliscbit
834 650 994 743 {ll-itogie
1015 648 1251 721 stometherta

124 779 159 849 p.
176 754 253 823 336
277 778 351 845 sqq.
401 755 515 845 Atque
542 757 626 825 sicut
644 756 730 843 hoc,
772 756 866 846 quod
896 762 1093 839 tractamus,
1130 753 1251 824 Laevii

124 861 368 950 Fragmentum
390 857 587 950 Tragoedia
601 858 847 951 'dignissimum
869 866 936 943 est,
967 857 1014 923 ita
1033 879 1149 924 versus
1170 859 1252 929 istus

21 1012 25 1017 -
125 955 316 1056 μειούρους
338 961 499 1052 suspicari
520 963 685 1053 possimus
705 962 808 1030 fuisse
822 962 926 1030 lectos
947 958 1133 1049 itumno
1147 960 1253 1029 faba·

126 1066 179 1134 lae
194 1063 242 1131 illi
255 1063 390 1149 inserto,
419 1086 520 1153 quem
535 1064 668 1133 Chorus
683 1064 839 1132 cecinerit
851 1066 885 1131 in
900 1060 1061 1129 Dianam:
1088 1063 1141 1130 eui
1155 1064 1253 1133 Deae

126 1166 186 1258 qui
205 1167 299 1233 locus
316 1188 390 1234 esse
408 1168 557 1258 potuerit
570 1167 605 1234 in
617 1167 735 1235 Laevii
750 1167 853 1235 lnone
874 1164 1034 1255 colligere
1048 1164 1127 1233 licet
1139 1167 1200 1235 rel·¹
1209 1186 1254 1235 ex

127 1268 252 1339 Ovidio
265 1267 406 1336 Metam
419 1269 477 1338 lv.
504 1265 592 1337 512.
643 1269 812 1338 stoliaco
831 1267 1001 1337 Aeolides
1018 1268 1140 1336 medio
1148 1266 1253 1369 ⁸tirri-

127 1370 267 1442 baudus
289 1371 327 1439 ia
348 1370 437 1440 bulo
460 1371 622 1456 comat,
648 1371 710 1456 Io,
735 1372 893 1457 comites,
919 1369 977 1439 bis
998 1369 1092 1437 retia
1119 1372 1253 1443 tendito

127 1475 243 1547 silvis:
266 1472 339 1543 Hic
351 1474 458 1543 modo
473 1497 554 1544 eam
568 1470 717 1569 gemino
731 1476 810 1544 nisa
832 1482 884 1544 est
897 1471 985 1541 mitt
992 1472 1099 1564 prote
1112 1473 1251 1543 teucro.

133 1579 248 1671 thue
258 1576 390 1669 serae,
415 1578 574 1669 sequitur
589 1579 745 1670 vestigio
760 1573 922 1671 corq'agis
935 1597 1067 1645 amors·
1117 1574 1252 1661 Quodsi

127 1680 427 1750 veroReuvensius
452 1681 487 1748 in
495 1681 679 1754 collectan.
689 1682 806 1750 Litter.
819 1680 905 1773 Cap.
913 1679 972 1747 Ν.
986 1676 1090 1771 pit.
1116 1678 1250 1773 (Lugd.

128 1783 170 1853 Β.
191 1779 322 1874 1815.)
347 1805 422 1851 voc.
450 1783 608 1876 δίδαγμα
634 1806 689 1876 ap.
712 1784 753 1854 L.
768 1783 908 1875 Lydum
921 1780 1119 1875 dMagistr.
1133 1780 1250 1854 Lib.1.

117 1882 165 1982 '.§
187 1884 250 1953 41.
285 1885 329 1953 de
357 1885 509 1954 dramate
538 1886 778 1978 explicaturus,
815 1888 884 1955 huc
911 1884 1016 1953 refert
1048 1885 1252 1953 vocabulum

130 1990 307 2073 donimane,
324 2000 417 2078 ‘quo
442 2011 507 2081 pro
529 1989 847 2058 fabula'dmmatica
866 2009 964 2059 usum
988 2010 1063 2056 esso
1081 1986 1252 2055 contendit

129 2092 369 2160 Terentianum
383 2092 560 2178 Maurum,
589 2094 683 2182 quasi
697 2092 944 2161 Grammaticus
966 2090 1079 2159 dicere
1099 2090 1251 2178 voluerit,
1326 2082 1331 2094 ⁵

130 2193 262 2263 Livium
274 2194 504 2264 Andronicmn
520 2206 658 2286 poetam
670 2197 837 2265 scenicum
851 2198 884 2264 in
898 2196 1003 2263 lnone
1014 2193 1129 2260 fabula
1139 2194 1251 2263 doca-

130 2298 198 2367 isse
209 2299 229 2367 i.
246 2320 274 2365 e.
287 2299 467 2388 protulisse
481 2298 646 2388 quaedam
658 2321 758 2367 versu
771 2292 930 2390 usrodoqr
937 2324 951 2387 ,·
975 2316 1105 2381 uereor,
1126 2320 1170 2365 ne
1185 2296 1253 2365 l'al-

130 2400 226 2487 latur,
250 2423 354 2490 quum
374 2423 405 2471 v.
427 2401 587 2470 docimea
607 2402 689 2469 nihil
704 2401 794 2470 aliud
813 2401 996 2495 sigrrilicet,
1022 2421 1124 2490 quarn
1141 2400 1252 2467 docu-

130 2510 300 2591 mentum,
327 2506 526 2596 caenaplam
548 2504 651 2592 illius,
684 2504 728 2572 de
753 2526 822 2594 quo
844 2504 980 2596 exponit
995 2502 1252 2587 Grammaticus,

129 2626 286 2691 versuum
300 2607 443 2699 generis.
494 2608 533 2675 ln
549 2608 615 2676 alia
635 2609 746 2675 omnia
767 2608 846 2675 abiit
864 2606 1039 2675 Reinesius
1056 2605 1252 2686 Vanbectt.

130 2709 246 2777 Liba
274 2709 346 2776 al.
370 2707 500 2801 pizo.
529 2712 586 2801 qui
602 2712 741 2779 lnonem
763 2734 807 2792 s.,
834 2709 926 2801 quod
940 2709 1101 2801 praefert,
1125 2709 1253 2793 lonem,

11 2877 13 2881 .
132 2834 238 2901 quam
256 2821 373 2879 contra
388 2812 600 2905 Scaligerum
613 2814 711 2882 Livio
724 2812 920 2882 Andronico
943 2813 1067 2898 asserit,
1093 2812 1253 2879 lascivum

9 2980 18 2987 .
131 2914 307 3005 quoddam
325 2938 450 3006 poema
472 2917 574 2984 firisse
601 2916 698 2985 dicit:
725 2915 820 3009 cujus
846 2916 1027 2984 sententiae
1049 2936 1153 3004 quum
1173 2912 1252 2981 nul·

131 3017 199 3086 lam
219 3018 276 3085 ille
290 3017 458 3086 addiderit
469 3020 642 3103 rationem,
668 3019 777 3087 fateor
797 3028 853 3088 me
872 3019 1010 3104 nescire,
1037 3017 1119 3108 quid
1132 3018 1251 3084 dicam

130 3120 356 3210 Antiqua‘nta
372 3121 416 3191 de
433 3123 536 3190 Inone
553 3121 668 3191 fabula
684 3145 787 3212 quum
808 3122 1059 3213 ascriptoribus
1079 3130 1148 3187 tana
1160 3118 1252 3186 varia

132 3222 175 3290 sit
190 3224 352 3314 exposita,
368 3224 412 3293 'in
426 3248 533 3315 eaque
546 3226 714 3317 insignem
726 3225 904 3293 habuerint
916 3225 1031 3292 locum
1042 3221 1251 3291 Athamantis

130 3347 262 3394 amores
291 3326 327 3394 in
346 3327 543 3418 Nephelen,
578 3328 756 3396 Themisto
785 3338 819 3396 et
843 3327 1068 3418 Antipheram
1087 3325 1252 3410 ancillam,

131 3450 153 3495 a
168 3451 235 3518 qua
251 3430 408 3514 Romani,
434 3439 519 3499 teste
532 3430 714 3499 Plutarcho
732 3431 776 3515 Q.
791 3431 893 3499 Rom.
919 3431 963 3498 Τ.
976 3429 1050 3497 vll.
1075 3425 1179 3520 psa.
1194 3428 1263 3513 a,

89 3607 103 3619 t
129 3532 231 3599 ritum
244 3532 425 3621 quemdam
439 3536 473 3601 iu
486 3533 702 3601 Leucotheae
716 3535 807 3601 cultu
821 3535 1034 3603 obseruatum
1049 3530 1254 3617 derivabant,

132 3634 213 3702 nihil
233 3634 366 3703 videtur
386 3637 539 3732 obstare,
573 3658 641 3726 quo
667 3637 775 3705 minus
795 3659 871 3705 eam
895 3635 1055 3702 aLaeuio
1078 3634 1253 3704 inEroto·

132 3738 303 3828 paegnion
316 3759 421 3829 opere
438 3737 573 3806 diversis
588 3738 709 3808 diversi
723 3740 821 3808 metri
833 3738 997 3831 poematis
1012 3727 1198 3824 tractatam,
1219 3745 1256 3805 at

131 3839 275 3908 tortasse
289 3849 399 3908 toturn
414 3841 595 3931 quemdam
616 3843 701 3910 illius
723 3843 835 3936 operis
849 3841 971 3910 libmm
985 3840 1106 3915 Inoas
1119 3840 1254 3922 nomine

131 3941 329 4034 inscriptum
350 3945 454 4013 fuisse
480 3945 696 4037 suspicemur.

181 4045 242 4114 IX.
293 4045 412 4116 Festus
437 4072 463 4116 s.
479 4070 510 4116 r.
536 4046 713 4117 rediviam
736 4068 773 4137 p.
794 4043 887 4133 429,
914 4043 974 4115 lt).
1020 4044 1178 4133 ⁸„Liviuse

236 4146 380 4218 Scabra
405 4150 441 4219 ia
465 4150 638 4244 legendo,
662 4147 885 4218 rediviosooc
910 4146 1127 4246 ‹ffeodeust‘

106 4320 110 4325 .
134 4250 190 4319 ubi
203 4251 360 4346 Scaliger
371 4253 527 4323 Laevius
550 4276 615 4347 pro
640 4254 731 4346 vulg.
748 4252 871 4322 Holus
894 4253 1032 4346 corrigit
1054 4260 1089 4320 et
1102 4250 1248 4321 Scaton—
