2768 4838
149 252 229 330 2⁰8
404 274 462 330 on
485 274 674 327 nournro
698 276 842 327 nesso
865 277 1024 328 nosue.

148 420 235 528 quos
248 429 409 503 Horatius
423 433 458 500 in
471 431 626 525 Epistola
638 432 683 500 ad
694 431 887 526 Augustum
900 421 1170 526 indignabundus
1183 435 1268 504 sori-

32 570 40 595 «
147 540 199 608 bit
214 537 259 605 ad
270 537 390 605 Fastos
404 536 532 622 redire,
557 537 711 604 virtutem
725 539 817 605 annis
836 539 1009 607 aestruere
1025 538 1175 628 nihilque
1201 541 1268 607 mi-

147 642 231 729 rari,
256 638 319 708 nisi
334 638 429 730 quod
440 638 588 708 Libitina
605 641 792 710 sacraverit
821 633 936 709 'Ecce
956 641 1144 733 principem
1167 664 1268 710 caus·
1306 665 1310 674 ’

148 765 220 815 sam
247 738 435 831 dissensui,
473 763 543 830 quo
565 741 697 811 Horatii
727 744 873 811 animum
895 766 917 811 a
943 743 1061 815 Marso
1087 745 1267 813 alienatum

148 848 251 916 fuisse
273 845 451 939 probabile
471 845 522 913 fit.
572 845 714 935 Neque,
740 868 829 935 quae
851 855 924 914 erat
945 848 1119 937 utriusque
1140 858 1267 938 poetae

141 950 292 1035 indoles,
324 949 462 1028 mirum,
493 946 522 1014 si
552 945 614 1016 iste
628 947 836 1040 judiciorum
864 949 1029 1018 dissensus
1060 951 1201 1018 subinde
1229 951 1267 1020 in

144 1062 296 1124 mutuam
310 1051 419 1136 abiret
432 1049 635 1119 inimicitiam
655 1060 690 1120 et
707 1050 924 1139 simultatem,
949 1054 997 1120 ita
1016 1061 1054 1119 ut
1073 1053 1158 1121 alter
1178 1054 1266 1122 alte-

143 1158 219 1226 rius.
228 1153 426 1224 sententiam
439 1161 475 1220 et
488 1174 573 1221 voce
589 1162 624 1222 et
639 1155 771 1246 scriptis
786 1157 900 1247 palem
922 1148 1147 1247 impugnaret.
1199 1156 1265 1224 Et-

144 1261 234 1328 enim
247 1269 385 1348 tempus¹
397 1273 466 1324 nou
479 1255 608 1342 obstat,
633 1259 809 1347 quominus
824 1258 996 1348 Marsum,
1021 1269 1173 1327 ueterum
1185 1260 1265 1328 fau-

142 1372 270 1448 torem,
286 1360 361 1451 qui‚
382 1368 421 1427 ut
435 1380 478 1427 ex
490 1359 557 1427 bec
572 1358 708 1428 Caecilii
721 1361 884 1453 Epirotae
900 1361 1050 1429 irrisione
1066 1363 1263 1455 colligimus,
1305 1410 1309 1421 -

143 1464 392 1549 adolescentes,
407 1461 493 1530 illius
507 1462 693 1550 auditores,
714 1485 836 1533 exesos
849 1465 950 1534 tineis
964 1465 1156 1557 opicasque
1167 1466 1263 1535 evol-

142 1558 388 1639 vere‘cburtas
400 1565 534 1651 mallet,
562 1588 664 1655 quarn
680 1563 844 1634 novorum
854 1577 1033 1660 poetarum
1045 1574 1170 1659 opera,
1196 1569 1262 1636 ob—

47 1738 50 1749 ,
142 1678 312 1742 versatum
334 1690 408 1736 esse
428 1667 639 1759 suspicemur
659 1668 803 1739 Horatio
823 1671 868 1738 ed
891 1672 1082 1762 Augustum
1106 1671 1262 1740 scribenti

142 1796 176 1844 v.
193 1771 255 1843 88.
289 1768 453 1864 Ingeniis
470 1791 539 1839 noa
559 1768 739 1864 illesovet
752 1759 969 1866 plauditque
989 1774 1151 1866 sepultis·
1181 1771 1261 1842 No-

143 1873 224 1946 stra
246 1874 312 1945 sed
334 1874 543 1966 impugnat,
575 1896 640 1945 nos
657 1882 847 1968 nostraque
871 1877 1002 1946 lividus
1028 1877 1112 1948 odit.
1168 1862 1261 1945 Cum

142 1980 233 2048 enim
248 1977 412 2047 Caecilius
433 1977 596 2068 Epirota,
620 1986 659 2046 ut
678 1978 857 2048 Suetonius
879 1989 1038 2066 testetur,
1069 1987 1150 2071 post
1171 1978 1260 2048 Cor-

141 2083 220 2151 nelii
232 2080 323 2150 Galli
335 2079 581 2148 damnationem
595 2090 629 2148 et
641 2089 801 2171 mortem,
833 2083 868 2151 b.
886 2105 915 2153 e.
928 2091 1008 2174 post
1020 2105 1050 2148 a.
1064 2082 1109 2152 U.
1125 2081 1163 2151 0.
1172 2079 1260 2150 728.

141 2185 275 2254 Romm
289 2182 440 2255 scholam
454 2184 623 2285 aperuerit
639 2186 856 2277 coeperitque
869 2187 1070 2278 praelegere
1085 2171 1269 2277 Virgilium*

140 2287 291 2380 aliosque
305 2294 426 2380 poetae
443 2299 569 2370 nov0s3
593 2295 689 2380 patet
714 2287 797 2357 illud
817 2287 927 2356 Marsi
946 2288 1156 2380 epigramma
1176 2289 1261 2356 scri-

16 2419 23 2424 ·
137 2399 236 2484 ptum
255 2390 449 2478 editumque
465 2411 539 2458 esse
559 2390 682 2460 eodem
704 2390 836 2458 circiter
855 2400 1030 2484 tempore,
1057 2410 1125 2481 quo
1144 2392 1261 2459 Hora·
1292 2448 1295 2453 Α

138 2494 204 2564 tius
226 2516 305 2562 cunr
325 2496 445 2562 Artem
465 2493 656 2584 Poeticam,
683 2515 772 2583 quae
793 2493 931 2588 dicitur,
957 2500 1030 2564 tum
1050 2495 1151 2563 etiam
1171 2493 1260 2587 Epi-

136 2596 260 2669 etolam
278 2595 323 2665 ud
338 2595 531 2688 Augustum
544 2596 736 2666 exaraverit.

240 2747 283 2818 V.
333 2744 517 2819 Diomedes
528 2748 622 2820 Libr.
643 2749 670 2821 l.
683 2773 719 2845 p.
734 2747 820 2820 3⁰4.
832 2750 874 2824 Ρ.
906 2746 1019 2839 „Oleo
1038 2756 1257 2842 unguentum.

113 2934 116 2944 Ι
137 2849 261 2922 Cicero
273 2851 308 2920 in
320 2851 519 2923 Antonium:
545 2851 683 2926 Frueris
696 2854 881 2927 esculetttis
900 2861 935 2926 et
953 2855 1074 2924 vinum
1092 2853 1259 2923 redotea-
1373 2838 1382 2869 ⁴

135 2952 238 3025 tibus.
287 2953 335 3024 Et
355 2953 513 3025 Marsus:
930 2987 935 2996 ¹

305 3095 350 3110 -
383 3097 427 3111 —
442 3057 596 3142 bircam
621 3065 656 3127 et
680 3057 823 3130 alumen
847 3059 977 3130 oteres
1078 3129 1081 3135 ,

240 3159 351 3230 Recte
372 3161 429 3230 hie
451 3160 534 3231 vidit
554 3159 788 3231 Broukhusius
809 3163 1032 3254 posteriorem
1052 3157 1257 3228 Pentametri

135 3269 287 3358 partem,
311 3261 423 3355 neque
441 3273 571 3350 nmen,
597 3263 686 3332 unde
707 3275 878 3357 sumptum
894 3273 981 3334 esset
1005 3263 1073 3331 hoc
1094 3262 1257 3329 Hemisti-

136 3367 267 3454 ebium,
293 3367 433 3459 aporuit.
484 3365 574 3435 nnhi
587 3366 722 3456 quidem
736 3367 867 3448 videtur
880 3366 1077 3460 pertinuisse
1091 3365 1135 3432 ed
1147 3363 1257 3431 Marsi

135 3469 417 3565 epigrammatum
429 3469 549 3555 libros,
575 3478 739 3559 atqueex
760 3493 802 3539 eo
824 3470 1066 3564 epigrammate
1091 3467 1255 3559 deprom-

50 3594 54 3597 ·
134 3581 251 3666 ptum,
278 3572 372 3663 quod
384 3573 526 3641 fortasse
539 3570 574 3640 in
589 3569 762 3643 Maeuium
777 3582 1023 3666 composuerat.
1065 3571 1149 3656 Quis
1166 3571 1256 3637 euim

133 3675 313 3745 uerisimile
328 3697 403 3744 esse
419 3684 539 3768 neget,
564 3674 735 3766 Marsum,
761 3677 819 3768 qui
840 3676 947 3747 Bauio
962 3699 1030 3744 nou
1051 3673 1256 3767 pepercerit,

47 3828 50 3839 .
131 3775 292 3847 intectum
304 3777 479 3867 reliquisse
495 3776 687 3867 Maeuium,
712 3779 861 3851 stentem
874 3779 973 3848 istum
987 3780 1154 3858 bonorum
1166 3796 1256 3868 poe-

20 3906 28 3921 ·
65 3933 67 3937 ,
131 3889 243 3951 tarum
264 3880 542 3969 obtrectatorem,
576 3884 630 3951 cui
653 3883 917 3974 Ptopempticon
939 3881 1071 3976 scripsit
1093 3879 1254 3948 Horatius

129 3981 326 4077 Epod.X.i
353 3984 396 4055 ci
412 3983 602 4063 Commeat
619 3984 655 4055 d.
679 3982 723 4084 Q.
743 3984 889 4060 Horatii
912 3984 969 4060 et.
994 3981 1256 4055 obtrectatori·

131 4085 197 4158 sse
210 4080 248 4185 ς.
263 4084 300 4156 a

233 4236 292 4312 vr.
322 4240 516 4314 :carnee
534 4240 614 4311 ms
628 4240 691 4316 or.
710 4198 1255 4337 praemonstremus.
