2768 4838
126 252 218 329 m·
375 273 997 329 uno.·ranuroaurououus.
1108 336 1111 341 ⁴
1220 280 1224 289 ·

126 427 151 498 Ι,
165 449 196 495 o.
209 424 304 495 taret
317 423 532 517 Oraquianae
545 424 749 514 sententiae,
771 449 839 517 qua
851 436 965 495 tamen
978 427 1061 495 nihil
1076 451 1150 497 esse
1164 437 1248 521 pot-⁴

127 538 179 601 est
205 530 343 601 manius.
372 582 376 589 .
406 531 535 599 Neuter
554 546 674 598 eorum
693 528 853 621 advertit,
886 530 1064 598 Horatium
1088 530 1122 598 lu
1145 533 1249 605 idi-

126 655 206 703 cere
220 631 265 701 de
276 631 353 700 viris
368 631 476 701 doctis
489 633 625 725 privatis
639 633 746 722 iisque
760 633 965 703 familiariter
982 633 1044 700 sibi
1055 630 1200 725 junctiS,
1226 659 1249 704 a

125 735 249 829 quibus
263 734 310 803 ad
325 735 414 803 viros
430 734 549 803 doctos
563 757 690 824 eosque
704 736 842 828 publiea
855 734 1054 828 conspicuos
1072 735 1248 828 dignitate,

124 837 276 909 vennas
300 846 335 906 ct
356 838 542 907 ambitionis
555 898 559 907 .
571 838 796 930 suspicionem
818 838 863 908 de
883 862 921 909 se
943 838 1162 932 deprecatus,
1182 841 1248 911 ,ita

124 940 241 1013 barat
253 962 286 1009 r.
300 938 362 1009 84.

174 1040 377 1115 Ambitione
388 1042 560 1136 relegata
574 1048 610 1115 te
623 1041 746 1113 dicere
752 1063 911 1135 poscam,

175 1146 309 1234 Ibllio,
335 1152 389 1231 te,
417 1145 597 1233 Messala,
622 1154 683 1216 tuo
700 1145 930 1240 cumfratre,
956 1147 1130 1240 simsdqae

181 1247 271 1338 Vos,
297 1247 419 1319 Bibuli
433 1256 467 1316 et
480 1247 601 1339 Serui,
626 1249 807 1320 simultis
823 1257 878 1334 te,
904 1250 1195 1337 candidationi,
1228 1266 1243 1271 ·

155 1408 159 1417 .
180 1349 390 1444 Complures
402 1351 516 1438 otios,
535 1352 659 1423 doctos
673 1375 744 1447 ego
758 1375 844 1445 patos
859 1359 894 1422 et
911 1354 1044 1424 amicos

176 1453 344 1527 Rauen
355 1462 566 1548 praetaeo:
591 1455 716 1547 quibus
735 1456 844 1542 hoco,
867 1460 956 1525 ‘aunt
977 1457 1247 1551 paeanaque,

177 1556 356 1628 Amidere
369 1558 493 1642 uelim,
519 1559 710 1647 dolitum,
735 1560 768 1627 si
773 1560 947 1651 placeant
960 1581 1025 1652 epe

177 1660 347 1731 Deteriuo
363 1666 488 1728 nostra
508 1662 559 1754 8).
640 1706 644 1714 ,

125 1762 304 1855 inquibus
328 1760 550 1848 Octavianus,
582 1762 713 1832 sicum
739 1762 899 1832 voluisset
926 1785 1132 1848 memorare,
1164 1764 1247 1856 poni

128 1867 255 1936 debuit
306 1864 440 1934 Deinde
462 1888 523 1954 eo,
558 1888 627 1957 quo
648 1864 808 1935 Horatius
827 1865 916 1934 hanc
939 1867 1071 1959 scripsit
1091 1861 1247 1954 Satir‘am,

46 1994 50 2000 ·
126 1979 281 2062 tempore
294 1969 443 2037 noudum
459 1971 507 2037 ita
522 1967 709 2038 Octaviano
723 1970 912 2041 innotuerat
927 1969 1026 2059 cique
1049 1959 1247 2038 reconcilia-

126 2082 180 2141 tus
195 2081 285 2158 erat,
309 2080 347 2140 ut
365 2095 443 2140 eum
464 2073 549 2140 inter
571 2094 667 2141 caros
690 2073 801 2141 sibiet
817 2095 943 2162 aequos
967 2094 1103 2141 suorum
1125 2074 1248 2141 carmi-

126 2198 208 2247 uum
220 2173 358 2268 judices
370 2171 566 2259 nominaret
617 2175 773 2265 Denique
786 2176 945 2243 Horatius
959 2198 1124 2265 nusquam
1139 2174 1248 2245 Octa-

62 2306 65 2313 ·
125 2280 261 2349 danum
290 2278 443 2370 appellat
471 2275 678 2366 Octavium,
711 2278 789 2365 sed,
820 2288 1002 2368 antequam
1025 2279 1053 2346 is
1088 2278 1260 2371 Augusti

125 2382 386 2466 nomenfenet,
413 2403 549 2473 semper
566 2378 762 2450 Gaesarem
781 2380 830 2472 ⁹).
882 2381 952 2467 Qui
968 2389 1048 2473 post
1068 2380 1249 2451 Octavium

125 2494 332 2556 memoratur
344 2482 498 2568 Fuscus,
525 2491 576 2552 ost
588 2483 645 2551 illc
662 2483 772 2554 Sati.
786 2483 822 2552 9.
839 2481 903 2557 61.
928 2482 1065 2553 Fuscus
1081 2484 1250 2568 Aristius,

127 2589 183 2657 cui
195 2587 355 2657 Horatius
370 2586 436 2654 Lib
449 2586 476 2654 1.
498 2585 599 2654 Mam
616 2584 676 2653 22.
700 2595 735 2654 et
755 2586 848 2654 libr.
862 2587 890 2655 Ι.
914 2587 1092 2679 epistolam
1117 2587 1174 2655 lo.
1195 2588 1249 2655 in-

127 2691 276 2783 scripsit:
311 2689 433 2779 quibus
457 2710 500 2758 ex
518 2688 719 2757 carminibus
741 2689 864 2778 liquet,
895 2689 998 2758 fuisse
1020 2699 1251 2783 cum·poetae
1274 2686 1277 2690 ’

127 2794 297 2885 Venusino
323 2792 632 2879 familiarissimum,
677 2791 722 2862 de
753 2815 832 2884 quo·
843 2793 1055 2885 perabsurda
1079 2793 1251 2886 congessit

41 3072 47 3083 .
196 3022 229 3094 6)
262 3024 343 3089 aas,
366 3040 419 3092 quo
435 3040 488 3095 ogo
503 3024 667 3094 suspicarer,
689 3024 797 3079 Horatii
814 3025 881 3078 baec
897 3023 1034 3078 sodbcatis
1050 3022 1139 3078 animo
1155 3024 1251 3077 obver-

127 3099 216 3149 nun
231 3111 289 3146 csso
305 3093 481 3148 Octavianum
497 3095 654 3159 mmmm,
679 3112 740 3148 oum
763 3094 831 3148 alios
854 3098 1008 3162 prudentem
1033 3111 1063 3147 so
1085 3093 1251 3161 praeteriisse

127 3162 208 3217 diest.
242 3164 369 3217 Fortasse
385 3163 480 3227 ilium,
497 3163 560 3230 qui,
577 3165 601 3218 si
617 3166 684 3218 baec
701 3164 790 3216 Satira
807 3180 895 3216 menso
911 3161 1021 3216 Octobri
1039 3180 1063 3215 a.
1080 3164 1113 3215 U.
1131 3165 1161 3215 (i.
1178 3162 1250 3226 m,

128 3239 160 3287 ut
176 3232 311 3301 Spobsius
332 3235 466 3289 statuebat
488 3234 536 3302 (r.
560 3234 639 3287 Jsbo.
655 3234 691 3287 ad
706 3234 735 3286 b.
753 3234 772 3285 Ι.
790 3251 817 3300 p.
834 3231 934 3300 sm),
959 3231 1059 3300 scripta
1081 3239 1136 3295 est,
1160 3248 1251 3284 meuse

1 3364 2 3367 Ἴ
127 3303 299 3370 ‚mente
321 3318 389 3355 usus
412 3302 517 3371 imperii
540 3302 655 3356 Romani
680 3302 801 3355 dominus
823 3301 909 3354 iactus
932 3301 1038 3366 iuerat,
1063 3302 1180 3354 consulto
1204 3301 1251 3354 bic

28 3424 35 3445 ⁸
128 3370 281 3495 858666,
302 3386 337 3422 ιο
353 3370 452 3425 nimiae
468 3370 618 3425 ambitionis
640 3379 667 3426 et
679 3371 824 3437 jactantiae
848 3372 883 3423 ab
905 3369 1062 3422 adversariis
1085 3376 1250 3439 argueretur.

206 3441 278 3509 ipse,
299 3456 331 3493 ro
351 3440 499 3495 arcontius
521 3447 659 3509 exputata,
683 3441 792 3493 missam
814 3439 868 3492 ioci
888 3438 968 3492 istam
991 3439 1183 3507 suspicionem,
1207 3439 1252 3492 cui

128 3511 214 3565 muita
230 3508 342 3562 obstant
377 3510 532 3575 (iactatum,
555 3527 634 3577 quam
652 3527 704 3583 ogo
720 3510 869 3575 Bentiejum
884 3515 990 3562 secutus
1007 3527 1034 3562 r.
1052 3508 1096 3564 88.
1121 3508 1252 3560 excuden-

128 3578 191 3632 dsm
208 3576 300 3632 cunni
323 3578 477 3641 lectionem,
507 3587 567 3631 sant
583 3581 774 3649 quotacunque
791 3596 839 3647 pro
863 3580 932 3647 sint,
959 3595 1019 3633 eam
1038 3577 1140 3631 erudito
1163 3584 1252 3631 tuctur

127 3647 282 3703 Husobkius
299 3647 333 3700 ad
350 3648 452 3703 Tibull.
469 3649 491 3703 1.
507 3649 534 3705 6.
552 3648 595 3701 66.
614 3666 640 3717 p.
658 3649 710 3702 176
726 3666 765 3715 sq.

196 3718 229 3787 s)
262 3716 413 3788 Bentlejus,
432 3720 497 3772 dum
518 3716 773 3778 stat.1,5.2i.
796 3718 889 3772 locum
905 3716 1011 3771 Satires
1027 3716 1071 3773 16.
1088 3715 1252 3787 distingues-

128 3785 191 3861 Μ
209 3790 408 3976 13811κιῐὲιιῑςιίω
421 3860 448 3975 it
460 3854 553 3924 probet
563 3854 628 3908 isaeo
643 3855 793 3949 ocosias,
805 3856 1011 3941 optimorumque

128 3940 396 4117 ἶιςιίομῖιοὴῗὶἷξίῗο
411 3940 645 4115 :scopitur-itudo
662 3992 834 4079 Hateriano,
849 4000 891 4115 ut¹
902 3992 1070 4114 Hcgpppriius
1094 3990 1252 4114 suppicaltur.

129 4068 245 4216 odiosis
260 4066 424 4198 raitfiii'd
432 4077 1253 4202 56666166661361616’661ῗὲᾳῗιᾚοωνοισαῐηῗθιιῖῗῃίηῗαυιουΐ

129 4200 244 4327 bium
254 4201 447 4329 stiffi„
468 4218 533 4261 saue
552 4200 612 4258 loco
634 4218 715 4279 arruns=
734 4200 917 4275 praecipitarit
938 4201 1088 4296 judicium,
1113 4200 1168 4254 rid.
1195 4199 1253 4254 usa
