2768 4838
123 258 203 333 8⁴14
354 279 412 333 nr
435 279 562 332 nrum
586 276 801 329 saranum
825 276 982 330 nonan.

125 442 161 510 in
171 446 334 533 promptu
347 446 399 506 est
414 435 549 535 ridere:
573 458 652 505 nam
663 434 773 505 'litius
786 441 912 520 noster,
926 433 977 501 uti
988 430 1122 503 Horatii
1136 436 1248 505 verba

126 566 160 614 v.
173 542 210 613 ll.
229 540 329 613 brari
339 546 507 609 uenturus
520 539 557 608 iu
571 558 639 609 ora
652 536 845 624 declarant,
871 544 945 605 erat
958 537 1079 607 nullius
1095 537 1179 607 dum
1190 540 1248 607 in-

125 654 313 738 terpoetaa
334 643 480 737 gloriae,
503 641 604 719 itaut
621 640 694 711 reri
707 639 962 709 disslrnillimum
982 641 1040 728 sit,
1064 641 1250 711 Horatium

25 834 29 841 Ι
127 771 172 819 or
192 749 307 839 eliqua
329 746 404 839 ejus
430 744 618 816 Comoedia
642 744 809 835 Pyrrbiae
833 740 1026 835 exemplum
1053 747 1248 837 ounrpsisse.

125 851 256 923 Verum
283 848 416 919 Btnbii
448 870 586 940 quoqne
615 848 842 917 coniecturam
864 847 985 915 falsam
1015 869 1108 937 esse,
1143 847 1250 917 doaet

28 1022 33 1037 ,,
125 952 333 1025 scholiastes
347 951 470 1043 unq„
495 953 555 1041 qui
568 952 617 1021 ab
642 951 787 1020 Horatio
809 950 962 1018 fabulam
977 951 1159 1041 quamdam
1185 950 1250 1021 li-

126 1056 204 1126 tiuii
212 1055 340 1149 respici
360 1054 416 1123 ait.
465 1054 522 1124 lle
540 1052 661 1125 Vectio
678 1077 706 1127 a.
727 1051 839 1122 Vettio
861 1053 1004 1140 trunto,
1029 1054 1250 1147 'legatarum

127 1160 310 1251 scriptore,
333 1155 575 1227 'vidanbrieii
587 1154 751 1229 Bibllotb.
765 1156 841 1225 Lnt.
856 1156 934 1225 Lib.
949 1155 1011 1230 lV.
1027 1180 1058 1225 e.
1074 1156 1109 1224 1.
1122 1158 1167 1226 T.
1184 1158 1248 1227 ΙΙΙ.

126 1284 163 1355 p.
181 1259 268 1331 24⁰.
282 1261 367 1335 Em.
389 1259 553 1330 etllotbii
573 1261 670 1329 Poet
684 1260 761 1329 Lat
775 1260 946 1330 Scerdeor.
960 1260 1098 1352 Fragm.
1111 1260 1188 1329 Vol.
1203 1256 1248 1329 V.

127 1365 167 1434 Ρ.
184 1364 219 1438 2.
234 1386 270 1457 p.
284 1361 466 1433 bS-iti.
492 1363 747 1447 Delloratiano
760 1363 862 1455 igitur
883 1363 975 1430 'litio
993 1360 1028 1430 in
1050 1364 1128 1450 illo,
1152 1363 1250 1454 qnod

129 1465 171 1540 C.
188 1466 350 1545 Bartbius
368 1465 493 1554 edidit,
518 1464 659 1537 Sobolio
678 1467 820 1559 eogitari
838 1486 908 1534 non
927 1474 1059 1558 potest3
1084 1464 1252 1537 seditem

127 1568 275 1639 dubitari
284 1576 417 1662 potest,
442 1592 523 1638 num
539 1568 792 1657 Bmulrbusius,
818 1590 921 1659 quem
935 1569 1072 1659 plurimi
1085 1568 1158 1639 VV.
1168 1569 1250 1638 DD.

127 1674 344 1758 mentitum,
367 1672 463 1741 illum
476 1672 604 1741 'libulll
619 1673 982 1763 Horatiiquenmicum
1003 1682 1098 1741 recte
1118 1670 1253 1741 {litium
1302 1738 1306 1753 ,

127 1774 341 1868 Septimium
356 1798 437 1845 eum
452 1774 645 1847 Scholiasta
657 1774 764 1866 Gruq.
782 1775 1004 1844 nominaverit
1022 1768 1252 1865 eumdemque

127 1902 202 1947 esse
223 1879 405 1966 censuerit,
436 1886 542 1968 'quem
562 1879 725 1949 Horatius
744 1874 853 1971 Epist.
866 1874 908 1946 ll.
936 1878 1031 1947 Libri
1054 1880 1081 1948 l.
1104 1878 1252 1961 Claudio

126 1980 254 2051 Neroni
273 1980 538 2068 commendavit,
563 1983 685 2073 cuique
708 1979 824 2051 Odam
833 1978 873 2050 li.
895 1976 991 2049 Libri
1007 1981 1055 2054 ll·
1068 1981 1252 2075 inseripsitr

126 2082 228 2152 liano
242 2083 316 2154 VV.
328 2084 406 2165 Dl).
419 2083 778 2178 senitentiamprimns,
803 2082 898 2175 quod
914 2082 1041 2171 seiam,
1065 2086 1253 2178 impugna-

127 2186 175 2255 vu
197 2184 377 2255 Musonu
399 2186 669 2257 iuvit-Horat.
692 2209 731 2279 p.
744 2183 853 2274 mit,
879 2186 934 2255 eui
954 2196 1068 2255 nostra
1086 2188 1254 2258 memoria

126 2290 268 2359 teremit
280 2288 585 2384 Vanderbonrgius·
599 2291 636 2359 ln
655 2288 741 2382 Arg.
756 2282 1252 2384 0a6.1.tbr.llT.t.p.-2'tz.

228 2392 568 2463 Eruditisslmus.'bio
589 2394 729 2465 Horatii
752 2393 863 2462 editor
885 2401 920 2461 et
945 2388 1109 2486 interpres
1132 2395 1255 2486 Septi-

125 2494 250 2583 tnium,
283 2495 343 2565 (ll.¹
365 2495 506 2565 'liberio
526 2494 653 2565 Neroni
681 2496 726 2563 ab
754 2495 897 2564 Horatio
919 2497 1193 2565 commendatum
1215 2505 1255 2565 et

127 2602 226 2685 eutr,
251 2597 301 2666 ad
321 2597 577 2692 quem-scripta
597 2606 650 2667 est
670 2595 751 2666 Oda
769 2595 806 2671 o.
832 2597 927 2665 Libri
947 2598 1010 2687 11.,
1035 2620 1137 2669 unam
1156 2620 1255 2669 eam—

127 2699 281 2789 demque·
289 2721 568 2793 personamesse
586 2720 665 2769 cum
676 2698 839 2769 Massono
854 2701 993 2791 aliisque
1010 2697 1132 2795 statuit
1183 2703 1256 2771 Hie
1287 2789 1289 2794 Ι

127 2804 241 2873 anun
253 2802 435 2895 Septimius
449 2802 531 2895 fuit,
544 2804 699 2887 Acrone,
713 2801 950 2895 Porphyrione
963 2814 997 2873 et
1012 2805 1129 2875 Schol.
1143 2802 1255 2896 Cruqt

127 2906 286 2995 matha,
311 2928 419 2996 eques
439 2906 635 2995 Romanus,
661 2907 788 2975 amicus
809 2916 844 2974 et
866 2909 1046 2977 commilito
1066 2910 1199 2977 Horatii
1215 2918 1257 2995 et

128 3014 259 3079 mmma
273 3009 402 3100 gratim
417 3010 663 3078 necessitudine
677 3010 710 3077 ei
724 3008 918 3097 adstrictus,
939 3012 1035 3104 eujus
1050 3013 1256 3081 mentionem

128 3121 205 3181 snut
218 3112 277 3201 qui
295 3113 341 3181 ab
355 3112 618 3182 lloiatio-etiam
629 3112 772 3203 Epistol
785 3109 822 3179 5.
844 3113 940 3183 Libri
953 3114 980 3185 l.
1000 3114 1160 3207 injectam
1179 3138 1257 3184 esse

127 3220 269 3309 putent..
309 3214 476 3287 Videlicet
488 3214 599 3285 inille
612 3213 767 3307 Epistola
779 3215 992 3304 Torquatum
1008 3219 1191 3307 quemdem
1208 3219 1258 3289 ad

129 3338 274 3387 coenam
299 3316 422 3386 invitot
443 3318 744 3412 valde‘trugalem
765 3317 928 3410 additque
948 3324 1102 3413 exposito
1126 3342 1259 3392 coenae

128 3416 440 3515 appetituum..
555 3422 558 3427 ’

544 3519 700 3593 Butram
723 3523 809 3610 titt,
835 3521 1101 3617 Septiciumque

58 3702 63 3729 Ι
177 3623 247 3713 Et,
270 3620 593 3719 uioieoeoazpm'or,
612 3627 803 3721 potiorque
811 3629 941 3721 puella
958 3628 1134 3699 Sabinum

182 3726 345 3812 Detinet,
372 3730 573 3801 adsumam.
737 3808 740 3813 ¹

129 3827 231 3913 ltab.
244 3831 267 3900 l.
287 3831 466 3903 ediderunt
480 3831 656 3926 Bentlejus
672 3839 707 3901 et
720 3830 792 3901 Fea
813 3854 877 3924 pro
900 3834 992 3926 vulg.
1016 3831 1171 3902 Brutum
1192 3831 1263 3903 tibi

54 4006 59 4013 ,
131 3930 431 4031 Septimiumque,
457 3958 560 4029 quam
580 3936 760 4007 lectionem
783 3934 869 4006 inter
889 3946 1054 4007 nostrates
1072 3938 1263 4008 Wetzelius

131 4200 252 4336 W
269 4203 297 4324 ¹2·
433 4201 548 4259 muts
572 4205 610 4261 ot.
632 4156 780 4260 Commmt.
803 4204 832 4259 d.
854 4203 893 4258 Μ.
918 4202 1000 4259 Furio
1022 4202 1149 4257 Bibaeulo
1174 4201 1265 4259 Portu
