2768 4838
378 314 433 369 uu
458 318 681 371 o-onnrro
706 265 1017 373 coronandus.
1057 334 1059 339 ⁴
1187 299 1267 374 m
1300 318 1303 339 ·
1344 338 1347 347 ·

140 462 364 565 privataeque
386 468 558 540 simultatis
578 460 801 565 suspicionem
820 492 926 564 aegre
953 469 1107 566 effugiat.
1159 471 1265 560 Quod

144 583 258 642 autent
271 573 317 640 ad
334 572 581 643 Graeculorum
595 575 729 644 illorum
743 573 788 642 de
804 572 931 644 binuso
951 575 1150 644 omninibus
1164 576 1264 669 judi-

145 678 235 745 cium
256 676 389 762 attinet,
419 676 459 744 id
479 699 549 745 non
571 676 617 745 ad
634 676 817 769 Zmyrnam
837 687 1009 770 spectare,
1044 676 1107 748 sed
1129 678 1175 747 ad
1197 681 1263 750 alia

137 776 218 872 ejus
232 780 419 871 argumenti
431 780 591 849 mollioris
604 781 640 848 et
650 781 802 848 amatorii
814 790 990 871 poemata,
1014 781 1049 849 in
1067 783 1182 873 aprico
1200 792 1262 854 cst
1325 805 1329 810 ·

143 882 241 951 Haec
255 880 357 950 etiam
379 882 423 951 ab
449 881 573 952 Ovidio
593 883 696 957 'I'rist
719 883 762 956 il.
785 878 871 955 4³5.
893 885 1033 976 respici,
1058 884 1134 976 jam
1160 909 1263 978 supra
1320 888 1325 895 ’

138 1008 165 1053 a
177 1008 236 1054 me
251 984 378 1052 dictum
393 994 455 1073 est,
481 1007 590 1076 eaque
604 992 640 1055 et
651 986 806 1056 breviora
819 985 921 1055 fnisse
938 988 972 1055 e't
986 987 1123 1056 divorsis
1136 989 1261 1081 scripta

143 1088 277 1174 metris,
308 1088 443 1156 residua
473 1089 601 1179 aliquot
634 1089 826 1182 fragmenta
854 1089 988 1161 docent.
1054 1089 1153 1175 Quae
1184 1112 1260 1162 corn
1349 1072 1355 1097 ⁸

140 1190 295 1284 illepido
307 1191 400 1283 apud
414 1191 562 1260 Gellium
576 1190 730 1273 audiant3
758 1191 983 1283 leporautern
1000 1194 1124 1284 partim
1142 1193 1187 1263 de
1200 1218 1259 1265 re·

140 1292 224 1377 bus,
249 1295 373 1386 partim
394 1293 437 1362 de
451 1295 562 1363 verbis
577 1294 707 1363 dicatum
720 1294 867 1384 ideoque
881 1317 971 1364 nuuc
991 1294 1036 1363 de
1059 1296 1182 1365 salibus
1202 1296 1258 1368 fa'·

142 1392 322 1486 ostiisque,
346 1398 535 1465 urbanitate
548 1408 649 1487 atque
664 1397 829 1466 hilaritate
842 1397 968 1489 plenis,
993 1420 1083 1465 nouo
1096 1397 1141 1466 do
1156 1421 1258 1469 orua-

137 1497 390 1568 tu'elocutiouis
412 1510 447 1568 et
467 1501 687 1569 concinnitate
708 1499 887 1590 nativaque
911 1501 1078 1592 elegantia
1096 1503 1257 1574 sermonis
1292 1589 1296 1599 Ι

138 1600 355 1673 atilribcatur:
382 1604 569 1692 quaeritur,
595 1612 672 1673 utro
691 1600 901 1695 potissimum
916 1605 1103 1696 significatu
1115 1605 1172 1673 illa
1191 1604 1257 1675 ba-

138 1702 211 1774 biti
222 1706 347 1775 luerim
363 1705 528 1800 illepida?
568 1706 617 1776 At
635 1706 725 1775 euim
744 1727 826 1779 uero
848 1699 926 1773 crim
945 1707 1000 1774 isti
1019 1705 1172 1777 homines
1192 1732 1256 1779 ue·

138 1809 263 1877 minem
275 1810 348 1877 lere
362 1808 594 1878 Romanorum
614 1819 686 1877 tam
698 1810 838 1877 fluentes
851 1808 972 1877 fecisse
983 1831 1098 1879 vorsus
1115 1820 1256 1883 conteu-

139 1911 284 1998 ιιιιιιιιιι,Ι
298 1912 415 2002 quales
430 1934 491 1981 suo
504 1912 718 2002 vindicabant
732 1912 952 1982 Anacreonti·
978 1913 1052 2001 quis
1067 1910 1134 1982 u'ou
1151 1914 1255 2005 ridet,

139 1962 363 2082 desidemtam
371 2015 472 2084 luisse
485 2015 530 2084 ab
542 2015 628 2082 illis
618 2038 654 2082 ιιι
664 2014 791 2084 Cinnae
801 2013 968 2107 poematis
977 2016 1160 2085 sorborum
1175 2040 1256 2087 sua-

137 2117 274 2185 vitatem
297 2127 333 2185 et
355 2119 549 2195 elocutionis
570 2118 724 2204 delicias,
751 2138 834 2207 quas
847 2117 882 2185 in
900 2117 1151 2188 Anacreontiois
1165 2120 1254 2191 oda·

46 2303 51 2314 ι
136 2219 194 2288 riis
206 2219 377 2309 hodieque
392 2221 590 2313 suspicimus
606 2231 641 2290 et
654 2222 707 2288 cui
719 2220 874 2288 orationis
883 2219 1020 2288 virtuti'
1000 2244 1082 2311 Jure
1094 2244 1254 2315 magnam

136 2322 253 2391 vini-in
266 2323 433 2392 humanos
444 2324 573 2392 animos
583 2323 732 2395 attribuit
743 2323 919 2391 Lucretius
934 2322 961 2393 1.
974 2320 1060 2393 644.
1089 2323 1254 2418 Veroque
1297 2374 1301 2387 ,

136 2427 348 2495 οιιιιιὶιιιιιιιι
355 2448 487 2519 ‚quoe
499 2424 591 2495 bello
601 2422 912 2522 toogoseposoorl
922 2423 1071 2514 Aoos,
1084 2434 1119 2497 et
1132 2426 1252 2525 tepido

98 2610 102 2617 ¹
135 2549 230 2622 quoe
241 2476 471 2623 sootjiscuto
479 2550 613 2598 moure.

238 2630 353 2717 Quam
367 2631 519 2702 Catullus
530 2648 697 2726 praesaga
711 2637 825 2699 moute
843 2630 1049 2722 posteritatis
1069 2627 1205 2702 laudem
1217 2652 1252 2702 r

134 2725 171 2805 b.
186 2732 221 2802 ii.
234 2735 400 2827 praedicit
417 2735 563 2824 Cinnae,
590 2757 667 2804 eam
686 2733 877 2823 neutiquam
893 2743 944 2802 est
963 2734 1142 2826 adeptus.
1177 2734 1265 2808 Sed.

132 2828 199 2906 bio
205 2837 300 2906 locus
321 2840 422 2906 etiam
436 2839 614 2907 lacuuosus
631 2845 683 2905 est
702 2846 737 2904 et
754 2835 1014 2905 emendatricem
1027 2860 1163 2906 manum
1180 2860 1251 2931 po-
1293 2902 1297 2915 ,

134 2940 263 3009 stuiat..
294 2941 339 3012 Is.
353 2941 541 3021 Vossiusin
554 2949 633 3009 vett
651 2939 725 3007 libr.
740 2938 903 3029 scriptum
914 2940 1054 3009 invonit.
1085 2940 1108 2991 ¹¹¹
1137 2942 1160 2992 *
1185 2964 1251 3011 oo·

132 3064 196 3114 vos
208 3043 396 3114 huoobri
411 3045 554 3138 penitus
570 3044 729 3112 mittetur
750 3041 786 3110 iu
805 3041 940 3129 nodos,
965 3041 1057 3110 uude
1080 3042 1162 3111 fecit
1183 3042 1251 3113 bo«
1376 3130 1377 3134 ρ

132 3146 270 3233 notiori,
300 3157 336 3216 et
351 3170 426 3216 voc.
442 3146 599 3239 Smyrna
618 3148 774 3214 lacunam
794 3145 829 3212 in
846 3145 1011 3237 principio
1032 3166 1147 3214 versus
1167 3169 1188 3215 a
1205 3146 1250 3215 li-

132 3248 253 3319 brariis
266 3274 341 3320 esse
361 3252 545 3344 expletam
559 3250 705 3344 putavit,
731 3248 867 3337 locique
893 3269 1028 3315 sonsum
1052 3247 1100 3315 ita
1115 3249 1250 3318 cousti-

131 3354 213 3450 trita
237 3353 319 3423 licet
335 3353 472 3426 Cioooe
485 3376 620 3448 possm
639 3352 713 3422 suis
730 3347 949 3442 posthabeat
970 3347 1151 3419 laboribus
1165 3351 1249 3442 (i),

131 3452 356 3527 aibdomiuus
368 3458 515 3546 modat,
541 3459 577 3526 et
596 3457 634 3526 io
653 3453 770 3523 mulw
782 3453 916 3523 iturum
927 3452 1103 3545 promittit
1114 3453 1248 3542 secudu,
1293 3532 1298 3549 Ι

132 3578 211 3628 com
225 3560 275 3632 H.
288 3568 322 3629 et
340 3560 415 3631 Vol.
430 3562 595 3632 cesonino
610 3581 694 3628 mox
702 3556 870 3650 perituro
883 3576 960 3624 esse
972 3555 1165 3643 οιιιιίιιιιι,
1189 3563 1253 3627 utu·

127 3668 215 3754 pote
232 3664 422 3734 vestiendis
440 3672 532 3735 noto
551 3661 722 3740 scombris
744 3666 779 3729 et
802 3657 977 3729 borotbro
997 3657 1136 3750 digno:
1160 3662 1255 3750 quac'

132 3774 246 3834 autem
265 3768 343 3836 lu'ce
363 3769 502 3860 indigua
525 3768 605 3853 sint,
631 3788 673 3835 ea
692 3761 860 3831 baradus
874 3761 1006 3854 digna
1003 3761 1131 3830 censeri
1149 3763 1196 3830 ait
1214 3770 1249 3832 et

131 3870 264 3939 coulert
275 3893 328 3963 gr.
342 3869 583 3967 ταρταρίζειν
635 3867 777 3958 Vulpius
793 3864 951 3935 Vossium
964 3872 1097 3932 secutus
1109 3874 1171 3951 est,
1186 3865 1256 3935 nisi·

131 3973 226 4060 quod
246 3975 299 4043 od
319 3975 438 4042 nodos
460 3972 607 4065 scripsit,
648 3980 683 4039 et
703 3968 795 4038 huno
810 3989 945 4036 versum
964 3987 1034 4034 non
1053 3965 1100 4035 od
1119 3967 1248 4038 Cinnae
1336 4052 1338 4056 Ι

131 4096 283 4168 camon,
308 4077 371 4146 sed
382 4076 428 4145 ad
442 4073 581 4167 aliquod
593 4071 676 4142 alius
693 4079 818 4164 poetae
832 4092 920 4162 opus
935 4077 1092 4161 spectum
1105 4079 1248 4140 couten-
1253 4096 1258 4105 ·

130 4176 198 4268 dit,
225 4181 320 4273 cujus
340 4203 497 4269 nomen,
505 4183 671 4248 vsmsote
691 4194 884 4260 corrosum,
909 4171 1079 4242 exciderit
1128 4167 1257 4242 Noutri-

127 4302 270 4375 possum
279 4283 464 4374 osoobn,
472 4282 720 4377 othounosum
735 4296 851 4351 vorsus
865 4273 1162 4447 principippmibi
1183 4298 1260 4349 no·⁸
1353 4258 1366 4271 ’
