2768 4838
359 272 414 323 uu
439 272 471 323 o.
496 272 660 323 rsnnro
686 269 798 323 nuno
821 252 1002 347 ronna·
1156 254 1248 328 ult.

120 423 222 493 animi
242 420 367 493 affectu
390 445 412 490 a
430 445 515 492 reas.
539 420 600 492 81.
625 422 784 516 producit
805 433 944 518 optans,
980 431 1036 518 ut,
1069 449 1159 519 qnae
1181 429 1236 501 isti

119 528 276 596 malevoli
287 527 443 595 vellicant
455 524 626 614 homines,
1196 592 1201 599 ,
1218 580 1222 587 .

171 630 312 700 Plotius
336 636 372 698 et
401 629 547 718 Verius,
573 627 771 700 Maecenas
798 627 1061 731 Vergiliusque,

178 732 333 824 Valgius
346 740 381 800 ct
391 731 521 825 probet
537 733 629 801 baec
652 731 823 802 Octauius
837 734 989 826 optimus
1004 726 1111 827 utque
1207 770 1211 777 ·

172 835 325 923 Fuscus,
351 842 386 903 et
402 835 494 905 bunc
507 837 643 904 minam
663 834 848 904 Vasconum
861 837 1165 960 lasadetuterque!

222 938 264 1006 ln
285 939 519 1008 enumerandis
548 937 652 1007 his
622 939 698 1007 uris
726 961 768 1005 ac
791 938 1006 1009 familiaribus
1028 908 1250 1011 manifestum·
1319 1012 1322 1027 .,

122 1049 185 1128 est,
209 1042 252 1108 ab
268 1040 412 1109 Horatio
437 1064 549 1131 neque
569 1043 684 1111 aetatis
698 1063 762 1110 nee
784 1040 951 1134 dignitatis
967 1045 1243 1115 rationemfuisse

122 1145 293 1231 habitam,
337 1146 462 1235 alioqui
484 1143 669 1213 Maecenas
696 1145 798 1215 veluti
829 1145 998 1237 choragus
1024 1148 1135 1237 primo
1163 1149 1241 1217 loco

123 1257 196 1317 crat
209 1238 396 1339 ponendus.
447 1246 559 1340 Hujus
574 1258 686 1315 antem
708 1247 770 1315 viri
791 1246 883 1315 docti
898 1271 939 1315 ac
957 1248 1152 1317 nobilissimi
1166 1275 1241 1320 ma·
1309 1329 1313 1336 q

122 1374 270 1445 gnornm
285 1351 495 1444 ingeniorum
511 1350 649 1419 fautoris
665 1358 700 1418 et
715 1351 848 1442 patroni
869 1372 958 1440 quae
972 1352 1073 1419 fuerit
1094 1354 1241 1421 necessi-

122 1455 206 1523 tudo
228 1475 306 1521 eum
329 1455 470 1546 Virgilio
499 1463 533 1523 et
552 1453 714 1536 Horatio,
745 1452 919 1543 utriusque
945 1463 1070 1546 poetae
1093 1455 1245 1527 carmina

124 1559 202 1637 satis
226 1566 405 1626 testantur:
431 1559 466 1624 in
488 1557 608 1647 quibus
628 1555 712 1624 illud
731 1564 846 1626 notatu
866 1555 1007 1648 dignum
1029 1567 1098 1647 est,
1135 1558 1248 1647 qnod,-

123 1662 202 1731 lic'et
216 1660 272 1731 ille
290 1661 412 1729 diversi
430 1661 576 1729 carmina
588 1659 722 1751 generis
740 1659 926 1751 scripseiit‚
952 1682 973 1727 a
992 1669 1109 1729 neutro
1128 1670 1253 1731 tamen.

123 1773 182 1833 aut
194 1764 334 1856 Virgilio
356 1773 413 1830 aut
430 1764 572 1832 Horatio
593 1763 729 1854 poetica
747 1760 821 1853 ejus
842 1761 984 1830 facultas
1007 1785 1149 1853 usquam
1166 1764 1250 1835 lau-2

124 1867 232 1935 datur.
285 1866 403 1950 Quid?
436 1866 529 1955 qnod
551 1865 729 1951 Horatius,
768 1886 847 1935 curn
869 1887 889 1931 a
909 1863 1112 1943 Maecenate
1126 1867 1249 1958 jussus,

124 1979 230 2058 esset,
255 1978 293 2035 ut
308 1990 362 2035 res
377 1968 421 2034 ab
435 1970 593 2058 Angusto
609 1975 723 2057 gestas
737 1967 887 2034 versibus
902 1968 1079 2058 scriberet,
1097 1970 1247 2061 primurn

124 2073 169 2141 de
183 2094 278 2138 more
292 2079 413 2162 negat,
439 2067 576 2138 Musam
592 2092 688 2137 suam
709 2079 778 2141 tam
791 2070 938 2138 sublimi
950 2083 1148 2165 argumento
1169 2073 1244 2142 sui

59 2232 72 2243 .
123 2177 227 2245 licere
241 2184 275 2242 et
288 2183 360 2242 tum
375 2178 557 2268 patronum
568 2172 712 2242 vicissim
733 2168 886 2242 hortatus
900 2176 1016 2267 pergit
1036 2176 1112 2246 Lib.
1128 2175 1171 2247 ll.
1185 2174 1251 2251 ode

126 2276 186 2348 12.
212 2300 245 2347 ι.
262 2276 298 2346 a.
387 2320 390 2326 -
490 2292 494 2299 ·

391 2374 394 2378 ⁴
456 2372 459 2377 ’
543 2368 663 2472 Virque
683 2374 910 2473 pedestribus

279 2445 391 2554 Dices
414 2482 570 2553 historiis
587 2483 738 2576 praelia
766 2481 995 2567 Caesaris,

189 2621 191 2624 ⁴
279 2576 494 2674 Maecenas,
517 2580 662 2672 melius,
689 2584 867 2678 ductoque
884 2605 957 2678 per
980 2582 1060 2655 vius

434 2690 582 2810 Regum
607 2691 702 2760 colla
725 2690 928 2758 ιιιιιιιιιιιιιιι

158 2861 166 2878 ι
228 2790 365 2881 Quom
386 2791 515 2861 loco
490 2817 517 2862 sl
536 2803 595 2862 ant
615 2792 776 2862 Horatius
798 2790 886 2859 aut
876 2814 951 2883 ipse
971 2790 1154 2860 Maecenas
1179 2785 1247 2856 suis

84 2906 102 2951 -’
127 2895 282 2991 poeticae
299 2896 378 2963 artis
393 2896 509 2964 studiis
523 2905 557 2964 et
569 2895 734 2987 poematis
755 2894 897 2962 multum
917 2894 1104 2976 tribuisset,
1130 2912 1248 2958 eorum

130 2999 404 3069 commemoratio
425 3008 459 3066 et
482 2998 767 3067 accommodatior
788 3006 861 3068 erat
883 3006 918 3066 et
940 2997 1111 3083 blandior,
1145 3015 1248 3084 qnam

127 3099 286 3170 historiae
306 3099 350 3170 de
362 3101 566 3222 Angusto
535 3124 675 3196 ejusque
690 3102 791 3172 rebus
809 3101 921 3194 gestis
973 3100 1020 3187 At
1043 3099 1087 3167 de
1109 3096 1149 3164 L.
1174 3095 1247 3164 Va-

127 3204 196 3288 rio,
222 3213 326 3296 poeta
344 3213 379 3272 et
392 3204 495 3296 epicis
511 3204 710 3276 carminibus
724 3204 842 3271 illustri
855 3212 889 3270 et
902 3181 1101 3293 tragoediis,
1124 3198 1249 3267 diserta

129 3310 260 3376 exstant
276 3306 413 3376 Horatii
424 3309 632 3397 aliorumque
650 3306 854 3393 testimonia,
881 3306 925 3373 de
941 3305 1060 3411 quibus
1077 3303 1154 3371 alibi
1170 3323 1249 3369 cum

122 3434 209 3478 cura
233 3410 353 3481 dicam
427 3410 520 3480 Huic
547 3411 592 3478 ab
625 3410 745 3481 eodem
772 3409 828 3476 hic
858 3398 1088 3501 conjungitur
1100 3404 1250 3489 Plotina

128 3513 272 3603 Utrique
291 3514 419 3598 amco,
446 3523 483 3580 ιιι
501 3521 649 3599 constat,
675 3536 736 3581 sua
749 3514 874 3604 scripta
888 3512 1016 3607 legavit
1030 3507 1256 3577 moribundus⁴

128 3616 303 3708 Virgilius,
329 3623 466 3684 auctore
479 3564 660 3685 Donatoib
680 3615 747 3684 Vit
764 3615 895 3707 Virgilii
918 3613 954 3709 p
968 3611 1029 3686 53.
1052 3612 1132 3700 ibiq
1149 3609 1250 3701 Hey-¹

127 3718 211 3787 nius.
263 3719 374 3789 Plotio
389 3719 452 3786 fnit
468 3741 658 3812 cognomen
679 3717 816 3806 Tucca,
837 3718 970 3808 dequo
988 3723 1054 3783 vet.
1071 3713 1249 3782 Scholiaat.

128 3821 173 3888 ad
188 3822 295 3890 Persii
315 3822 384 3891 Sat
401 3822 444 3890 ll
461 3844 493 3889 v.
508 3821 571 3890 42.
624 3821 701 3891 sed
718 3822 878 3914 pingues
890 3820 1044 3912 patinae
1065 3804 1252 3909 tucetnqne'
1319 3822 1322 3827 '

129 3944 256 3993 massa
271 3924 358 3992 haec
380 3924 571 4003 adnotavit.
605 3923 731 4012 „Hinc
754 3925 810 4014 (ιι.
828 3948 849 3991 a
864 3946 937 3993 voe.
959 3918 1252 4010 tucetum)1¹lo-

128 4027 199 4096 tius
223 4026 368 4120 Virgilii
388 4027 523 4098 amicus
539 4029 576 4100 in
592 4028 720 4097 endem
740 4027 888 4120 regione
910 4024 1000 4116 (ie.
1016 4023 1129 4093 Gallia
1142 4021 1251 4095 cisal-

128 4131 233 4229 pina)
261 4139 312 4199 est
334 4133 532 4199 nominatus
561 4128 745 4199 Vlccetu‘st
770 4129 863 4219 quod
884 4151 1009 4197 nomen
1029 4126 1251 4220 depravatum

129 4232 179 4305 lo.
197 4234 241 4317 G·
256 4232 392 4307 Vossius
405 4226 655 4333 ιιιΕιιιιιιοιιι..
667 4227 755 4341 555.
762 4231 1027 4327 etCasanbonus
1041 4230 1087 4299 ad
1099 4228 1251 4299 Persium
