2768 4838
141 992 144 997 .
642 938 720 1003 llll

180 1109 247 1200 u.
275 1106 498 1201 Fumo
525 1064 897 1203 umnouno
927 1103 1179 1193 ronan.

623 1491 660 1596 ς.
696 1496 732 1570 1.

126 1626 232 1743 cum
246 1671 282 1741 ia
296 1669 587 1744 commentatione
609 1673 654 1741 de
666 1672 799 1742 Horatii
818 1669 934 1740 Flacci
953 1667 1256 1759 obtrectatoribus

123 1776 268 1844 rationes
282 1783 317 1845 et
332 1800 483 1865 caussas,
509 1778 555 1844 ob
571 1798 654 1866 quas
670 1776 831 1861 Horatius
848 1773 997 1843 severior
1009 1783 1160 1843 veterum
1173 1772 1257 1841 ln*

124 1879 162 1946 tii
175 1888 288 1946 vatum
307 1881 468 1947 exstiterit
484 1901 621 1965 censor,
644 1877 821 1971 indagare·
833 1888 868 1947 et
898 1877 1046 1969 probare
1063 1875 1256 1967 coeperim,¹

125 1981 217 2049 illam
232 1978 403 2070 judicandi
425 1983 638 2050 severitatem
652 2004 693 2048 ac
705 2004 817 2074 prope
837 1981 1009 2050 fastidium
1027 1981 1063 2047 iu
1077 1978 1151 2072 ejus
1172 1978 1249 2047 sni-

125 2104 184 2152 mo
197 2083 374 2150 excitatam
387 2092 588 2175 auctamque
608 2068 711 2155 fuisse
730 2085 864 2153 stultitia
881 2094 916 2152 et
930 2084 1104 2173 iniquitate
1118 2103 1258 2170 corum,-

127 2186 186 2277 qui
201 2185 275 2278 ejus
291 2184 425 2277 judicio
448 2188 492 2256 de
512 2188 633 2256 Lucilii
650 2189 766 2258 Satiris
785 2187 906 2256 offensi
927 2197 1028 2276 atque
1052 2184 1249 2276 exasperati,

126 2291 229 2382 ipsius
249 2288 375 2359 Satires
399 2292 589 2387 obtrectare
612 2291 707 2383 apud
731 2291 870 2382 plebem
892 2299 926 2357 et
955 2291 989 2356 in
1017 2296 1249 2379 contemptum

127 2393 298 2461 adducere
328 2395 518 2463 studerent:
552 2394 646 2463 haud
672 2416 811 2480 vereor,
843 2416 905 2479 ne,
937 2393 965 2461 si
992 2391 1174 2482 abruptum
1201 2389 1249 2457 ibi
1347 2446 1353 2457 .

127 2495 364 2587 disputationis
374 2499 469 2566 filum
483 2498 539 2566 hic
552 2497 665 2566 denuo
678 2506 826 2566 attexere
845 2517 1049 2584 omnemque
1070 2494 1159 2561 hanc
1174 2514 1250 2560 ma-

126 2601 264 2685 teriam,
290 2623 410 2690 perse
431 2623 499 2669 non
521 2599 739 2693 injucundam
749 2596 790 2668 ¹ct
810 2599 953 2668 fortasse
978 2600 1163 2667 litterarum
1175 2605 1249 2664 stu-

128 2702 209 2788 diis,
236 2704 396 2791 quasillo
413 2716 569 2795 tempore
580 2704 714 2772 Romae
729 2703 1001 2788 celebrabantur,
1025 2700 1150 2791 aliquid
1164 2698 1249 2768 lucis

128 2806 320 2891 allaturam,
347 2805 489 2874 subinde
510 2806 685 2874 absolvere
707 2805 882 2890 constitui,
908 2804 1003 2896 apud
1021 2806 1177 2873 cordatos
1194 2803 1249 2870 la-

128 2917 238 2977 ctores
256 2908 290 2976 in
304 2909 455 2976 vanitatis
470 2908 644 3000 cujusdam
658 2907 881 3000 suspicionem
894 2910 1062 2976 incurram
1075 2918 1134 2975 aut
1146 2927 1249 2998 prae-

129 3021 318 3103 conceptae
336 3012 500 3103 opinionis
520 3012 648 3101 laqueis
660 3012 804 3080 irretitus
825 3032 951 3103 magno
967 3021 1089 3079 conatu
1106 3030 1248 3100 magnas

129 3136 239 3205 nugas
253 3137 357 3207 agere
370 3115 494 3184 videar.
546 3114 765 3206 Quamquam
780 3109 860 3183 sdne
875 3137 947 3203 res,
974 3135 1062 3202 quae
1077 3112 1278 3210 discepta-¹
1372 3133 1374 3138 ’

128 3224 203 3302 tur,
235 3217 282 3284 ita
308 3227 360 3286 est
380 3228 593 3311 comparata,
625 3228 663 3286 ut
684 3220 775 3288 omni
799 3239 880 3285 cura
902 3215 1091 3284 cavendnm
1113 3216 1173 3304 sit,
1205 3235 1250 3283 nc
1360 3253 1362 3258 ·

130 3318 268 3409 argutiis
290 3343 356 3410 pro
378 3321 675 3410 demonstratione,
702 3320 901 3417 conjecturis
921 3328 955 3389 et
974 3318 1248 3388 hariolationibus

130 3443 196 3511 pro
211 3420 375 3490 historicis
390 3425 595 3516 argumentis
610 3434 760 3512 utamur,
785 3433 898 3492 tamen
919 3423 953 3489 in
969 3446 1010 3490 ea
1029 3424 1118 3491 ultra
1140 3420 1251 3533 diseq-

130 3533 201 3592 tam
215 3523 374 3592 historiae
385 3527 490 3596 fidem
505 3528 688 3618 quaerendi
702 3527 849 3597 studium
864 3527 1059 3616 neutiquam
1073 3525 1135 3593 erit
1147 3545 1251 3615 prac-

133 3629 262 3697 clusum
281 3637 315 3695 et
339 3629 601 3699 testimoniorum
623 3631 799 3724 penuriam
821 3652 1040 3721 compensare
1060 3628 1173 3696 licebit
1191 3648 1251 3694 su-
1335 3670 1340 3685 x

132 3731 354 3822 spicionibus,
381 3755 489 3822 quae,
515 3756 575 3802 sua
594 3735 628 3802 vi
651 3746 686 3804 et
699 3734 866 3828 adjunctis
884 3732 1063 3802 roboratae
1085 3731 1251 3798 narratio-

131 3835 245 3922 nibus,
264 3834 384 3927 judicii
405 3835 739 3929 circumspectionem
764 3845 798 3906 et
820 3835 1032 3907 severitatem
1048 3856 1119 3903 uon
1139 3834 1252 3903 refor-

131 3937 268 4006 mident.

236 4041 324 4110 Cum
339 4042 442 4135 igitur
458 4042 644 4129 contendo,
669 4041 850 4114 Horatium
862 4063 932 4110 uon
945 4046 1086 4110 naturae
1104 4039 1253 4131 quodam

131 4142 209 4211 vitio
221 4146 335 4214 nescio
349 4147 460 4216 dicam
477 4171 520 4215 an
532 4148 673 4235 virtute,
701 4144 870 4238 quidquid
881 4146 1072 4212 Romanam
1084 4143 1254 4211 redoleret

130 4248 376 4340 antiquitatem,
401 4248 686 4329 nauseabundum
706 4251 896 4351 spreuisse,
917 4270 983 4318 asc
996 4247 1099 4341 partis
1114 4244 1253 4336 alicujus
