2768 4838
123 229 202 311 3911
301 250 351 307 na
375 252 410 319 q.
428 249 580 337 'uouere
608 247 736 301 smocs
760 238 1110 315 osmueraronrnos:

127 423 425 487 commemorasse,
455 422 525 469 non
545 406 614 489 quo
634 398 729 490 prius
755 397 893 489 abipso
915 397 1059 465 irritatus
1081 404 1160 466 euni
1185 422 1246 467 re·
1288 420 1292 437 ·

98 511 100 515 ’
126 507 315 591 morderet,
328 504 400 575 'sed
413 512 451 570 ut
464 503 644 595 insigniore
657 502 769 599 aliquo
790 501 945 591 exemplo
962 509 1092 569 notaret
1115 524 1248 590 aequa-

126 611 208 679 lium
219 610 255 678 in
268 602 477 678 aestimandis
496 605 605 697 poetis
619 612 810 695 stuporem,
831 602 1094 692 eorumdemque
1110 604 1144 671 in
1160 626 1249 671 con-
1343 622 1346 627 ·

126 710 315 783 temnendis
327 709 430 804 ipsius
444 707 565 779 Satiris
584 707 789 797 iniquitatem
810 714 844 773 et
865 705 1035 773 stultitiam
1057 715 1146 774 tecte
1161 730 1249 797 per-

128 815 318 907 stringeret
369 810 441 883 Sed
461 810 732 879 ver'nimillimum
747 816 815 896 est,
839 807 940 877 istum
960 807 1150 895 homiuem,
1175 810 1248 877 hoc

129 918 260 987 Satirae
281 923 419 1005 quartae
442 914 520 982 loeo
541 921 792 1004 exasperatum,
823 911 867 977 ab
894 910 962 980 hoe
987 911 1066 979 inde
1090 922 1249 1002 tempore

72 1056 76 1063 ·
130 1021 290 1099 exstitisse
311 1016 443 1089 Horatii
463 1016 723 1085 obtrectatorem
749 1000 968 1089 malevolum}
1003 1015 1098 1106 cujus
1114 1013 1249 1105 judicia

130 1133 242 1193 tamen
258 1130 291 1189 et
304 1119 528 1187 vellicationes
542 1117 640 1188 nauci
659 1116 830 1185 faciendas
854 1139 928 1186 esse
949 1127 1052 1207 poeta
1072 1118 1146 1208 ipse
1169 1119 1248 1185 satis

131 1224 279 1295 declarat
294 1222 424 1290 Satirae
437 1221 587 1291 decimae
600 1243 684 1289 vers.
699 1217 772 1307 8⁰,
796 1218 855 1289 ubi
868 1242 982 1287 amaro
1001 1243 1078 1287 cum
1093 1231 1248 1289 contem-

130 1336 191 1420 ptu
208 1328 344 1418 ineptus
361 1324 508 1394 connino
521 1325 720 1415 appellatur.
771 1321 885 1410 Atque
904 1322 972 1389 hoc
994 1324 1106 1416 ipsum
1128 1324 1248 1399 convi-

32 1460 40 1467 ·
130 1451 219 1517 vae,
245 1425 525 1515 ailuusuuurori,
557 1448 680 1498 nomen
702 1432 829 1492 tautum
855 1425 969 1512 abest,
998 1436 1036 1496 ut
1056 1425 1249 1496 honestiore

131 1554 229 1607 sensu
245 1531 289 1600 de
302 1528 456 1600 inniberi
470 1537 505 1598 et
518 1529 627 1597 amico
642 1526 874 1619 accipiendum
889 1529 948 1615 sit,
973 1529 1079 1599 uthic
1093 1529 1250 1620 designet

27 1618 36 1633 ’
130 1635 383 1728 parasitastrum
394 1631 495 1700 vilem
510 1641 544 1701 et
558 1629 855 1723 contemnendum:
871 1630 906 1697 id
916 1631 1009 1719 quod
1016 1631 1092 1723 jam
1104 1632 1250 1724 pulchro

131 1737 214 1807 vidit
227 1737 307 1807 dau.
328 1733 527 1826 Rutgersius
549 1732 720 1807 invenus.
744 1732 839 1803 Lect
858 1755 887 1802 c.
906 1734 1029 1803 XVlll.
1051 1758 1087 1825 pi
1108 1733 1183 1803 393
1198 1759 1248 1825 sq.

133 1838 236 1931 Cujas
258 1826 315 1907 ille
334 1836 451 1924 fuerit,
481 1836 671 1929 ignoratur:
703 1835 920 1904 Fuuuiorum
940 1838 1035 1907 multi
1058 1837 1150 1928 apud
1171 1837 1249 1905 Ro-

131 1964 248 2012 manos
271 1941 513 2027 inclaruerunt,
547 1962 631 2030 quos
654 1939 818 2007 recensuit
842 1939 1070 2031 Glandorpius
1091 1941 1125 2007 in
1149 1937 1250 2008 Ono-

131 2052 227 2113 mast.
243 2066 278 2133 p.
298 2041 372 2111 332
386 2065 454 2130 sq.;
477 2040 542 2109 ue'c
561 2040 744 2136 Quadrati
764 2063 952 2132 cognomen
976 2043 1186 2132 infrequens,
1212 2053 1251 2111 ut

132 2143 312 2215 ostendiiu
338 2143 527 2216 Commeat.
550 2145 596 2213 de
616 2143 741 2214 Hostia
755 2143 871 2212 Poeta
893 2140 929 2238 §.
950 2144 984 2214 2.
1005 2146 1048 2217 N.
1065 2144 1100 2213 4.
1134 2145 1251 2228 Quare

131 2246 297 2344 Fannium
317 2245 546 2335 Quadratum,
573 2246 704 2317 Horatii
725 2246 1002 2333 obtrectatorem,
1027 2271 1154 2339 genere
1174 2249 1252 2315 Ro-

131 2372 270 2423 masum
290 2349 394 2422 fuisse
416 2359 519 2441 puto,
552 2373 656 2420 unum
678 2371 720 2418 er
744 2350 854 2441 poetis
878 2364 939 2418 seu
962 2350 1252 2438 versificatoribus,

27 2448 30 2453 ’
132 2476 277 2544 quorum
299 2454 432 2545 largum
456 2463 658 2545 proventum
677 2453 791 2523 Roma
818 2455 1077 2543 tunetemporis
1099 2453 1251 2540 haberet,

131 2554 304 2626 homiuem
319 2556 488 2648 ineptum,
509 2554 571 2622 sed
585 2563 797 2646 arrogantem
811 2555 1062 2647 malignumque
1078 2545 1253 2623 censorem

133 2680 212 2728 cum
226 2656 376 2726 omnium
392 2656 669 2747 praestantiorum
691 2666 879 2749 poetarum,
904 2667 976 2726 tum
997 2659 1158 2750 imprimis
1173 2659 1252 2727 Ho-

132 2760 224 2845 ratii,
250 2781 397 2849 quocum
417 2759 453 2827 iu
473 2760 654 2831 scribendis
669 2759 784 2828 Satiris
805 2768 933 2829 certare
945 2763 1089 2855 voluisse
1111 2760 1251 2829 ridetur.

135 2861 316 2933 Caeterum
338 2862 495 2932 tenuioris
516 2886 593 2931 eum
617 2864 713 2952 sortis
742 2861 914 2933 hominem
941 2864 1061 2952 fuisse,
1093 2865 1254 2953 nullaque

133 2964 271 3035 honoris
299 2962 493 3057 dignatione
522 2987 681 3056 umquam
702 2965 885 3056 insignem,
917 2968 1040 3056 partim
1060 2967 1151 3057 ipsa,
1184 2988 1254 3055 qua

134 3090 212 3136 cum
235 3090 277 3137 eo
301 3067 374 3162 agit
398 3067 577 3157 Horatius,
609 3069 693 3136 ratio
720 3066 958 3158 despicientiae
980 3078 1014 3137 et
1034 3068 1253 3160 neglectionis

133 3170 326 3264 plenissima
334 3170 460 3259 docet,
485 3170 608 3263 partim
624 3193 666 3238 ex
681 3172 856 3261 parasitica
871 3170 942 3262 ejus
965 3173 1032 3240 vita
1045 3171 1159 3262 colligi
1172 3181 1253 3262 pot-

134 3281 186 3343 est
217 3272 293 3366 91).
353 3271 433 3344 Fuit
462 3296 545 3346 vero
575 3273 731 3362 consiva,
770 3271 988 3372 παράσιτος,
1027 3275 1253 3367 Hermogenis

201 3502 252 3573 21)
286 3502 399 3559 bilridee
411 3502 444 3558 de
460 3503 512 3558 boe
531 3502 633 3559 Fannio
650 3509 764 3577 nuptus
780 3508 820 3560 est
837 3505 967 3575 (iraqulns
984 3507 1018 3561 ad
1034 3507 1140 3563 lloratli
1151 3506 1207 3561 su
1218 3508 1253 3561 x.

133 3588 160 3643 p.
177 3570 250 3637 405,
265 3574 340 3695 utqui
357 3576 493 3640 autumet,
517 3590 577 3627 enm
601 3591 657 3627 esse
674 3574 873 3645 intelligendum
892 3578 1037 3645 Faustum,
1059 3596 1136 3645 quens
1152 3576 1253 3645 Appia-

133 3657 184 3695 uus
199 3642 224 3694 d.
242 3642 276 3694 Β.
315 3642 413 3697 .ler.
427 3643 470 3697 tv,
488 3658 512 3698 e.
528 3643 572 3698 22.
589 3644 706 3712 legatum
723 3644 824 3708 cassii,
847 3664 870 3698 c.
889 3645 933 3699 et.
956 3664 1016 3699 oum
1034 3648 1122 3701 Hirtio
1138 3645 1253 3714 proscri-

133 3716 209 3778 ptum
226 3715 254 3765 et
269 3711 342 3766 bibr.
359 3712 390 3767 V.
409 3728 435 3770 e.
451 3711 512 3767 139.
529 3715 563 3766 sd
580 3713 723 3787 Antonium
738 3714 871 3769 umidam
887 3715 958 3769 dieii.
1000 3719 1079 3772 Hune
1095 3722 1172 3785 putat
1188 3717 1254 3768 cru-

134 3778 212 3846 quisr
229 3782 340 3833 eundem
358 3786 429 3845 esse,
446 3781 493 3848 qsi
508 3797 532 3834 a
548 3783 583 3836 U.
601 3783 631 3835 G.
648 3783 709 3837 132.
727 3801 788 3836 eum
805 3785 834 3836 lu
852 3784 963 3838 Manena
978 3784 1007 3838 iu
1024 3787 1173 3853 Augustum
1191 3803 1254 3837 con·

134 3845 245 3913 spiravit
262 3855 289 3902 et
311 3849 497 3903 condensatas
519 3857 573 3917 est,
595 3856 661 3905 teste
684 3853 785 3917 Velleio
804 3854 905 3906 Patere.
928 3854 1000 3908 bibe.
1018 3856 1051 3910 ll.
1069 3855 1113 3909 91.
1132 3859 1156 3920 9.
1175 3854 1201 3907 2.
1220 3855 1253 3905 ol.
1309 3865 1312 3871 '

134 3916 242 3972 Sueten.
260 3918 329 3986 Aug.
347 3935 371 3972 e.
387 3918 430 3973 19.
448 3920 540 3984 Tiber,
556 3938 580 3974 o.
597 3920 624 3976 8.
642 3926 668 3976 et
682 3921 734 3975 llio
753 3923 976 3978 euenisset.
994 3941 1017 3976 o.
1041 3924 1059 3976 3
1077 3924 1141 3990 ibiq.
1169 3925 1254 3990 lutpp.

133 3984 194 4039 uu.
211 3984 253 4053 tjt.
272 4004 299 4055 p.
317 3986 361 4040 99.
379 3986 447 4041 Strs.
481 3988 523 4042 Ab
547 3989 590 4043 bis
614 3991 786 4059 scriptoribus
808 3992 928 4046 omnibns
952 3994 1068 4047 Fannius
1087 3993 1182 4059 Caepio
1204 4009 1256 4045 no-

121 4053 248 4127 minatus
263 4060 313 4110 est.
347 4054 410 4110 dam
425 4056 490 4111 bulo
512 4056 630 4124 Fannio,
654 4060 763 4128 publiea
787 4062 941 4117 auctoritate
959 4079 1102 4131 oppresso,
1126 4061 1256 4133 Gruqnlus

133 4123 431 4263 gquppqtupflgobpppgqq
443 4145 510 4251 eergo·
524 4129 700 4267 qugarullistq
716 4130 774 4194 ejus
796 4133 1097 4255 eoqsolaodaetpanssg,
1122 4131 1256 4251 qucqm

129 4228 132 4233 -
252 4236 257 4241 .
501 4215 539 4249 uu
586 4215 647 4264 nes,
701 4215 808 4265 mqusrn
851 4218 902 4252 ouo
925 4218 974 4270 poe
1001 4219 1025 4254 e.
1087 4219 1139 4253 ern
1157 4218 1199 4252 rou
1212 4217 1257 4253 um

47 4300 51 4306 -
134 4272 326 4330 nouuueutum,
350 4265 377 4318 iu
394 4281 449 4338 quo
471 4268 614 4343 refellendo
630 4268 706 4339 piget
722 4270 845 4323 elrertem
857 4271 975 4338 perdere.
1017 4270 1192 4324 Vehementer
1207 4284 1256 4323 un-
