2768 4838
140 1042 1279 1200 {qsuonnrruuuncor‘

337 1228 1077 1537 ourauorarouruus.
1135 1220 1233 1297 ὃ·

647 1618 755 1720 §L

143 1725 266 1860 Quae
280 1761 382 1832 luerit
391 1738 610 1856 ,Augusto
598 1770 802 1854 imperante,
826 1785 971 1855 poeseos
987 1762 1080 1856 apud
1095 1763 1267 1830 Romanos

132 1892 202 1936 'ars
218 1892 259 1936 ac
278 1814 468 1958 disciplina,
494 1889 649 1956 quaeque
668 1875 866 1958 poetarum,
888 1867 946 1934 illo
965 1867 1156 1936 florentium
1179 1874 1268 1933 ιιιιι

146 1993 253 2064 pore,
279 1970 464 2037 studiorum
480 1971 583 2055 ratio,
609 1991 651 2036 ex
666 1971 779 2057 nullo,
806 1965 949 2061 opinor,
972 1972 1137 2062 scriptore
1151 1968 1267 2036 melius

146 2072 288 2164 intelligi
309 2072 498 2160 certiusque
522 2072 687 2162 cognosci
707 2083 837 2164 potest,
877 2096 979 2163 quam
1000 2096 1042 2140 ex
1065 2073 1108 2158 Q.
1136 2071 1270 2141 Horatii

146 2175 262 2245 Flacci
285 2174 400 2244 Satiris
423 2184 525 2265 atque
546 2174 726 2274 Epistola,
766 2175 813 2249 ,si
831 2177 904 2265 quis
922 2183 1034 2243 autem
1056 2173 1143 2242 haec
1165 2197 1270 2266 prae*

147 2279 347 2349 stantissima
367 2278 492 2371 ingenii
510 2278 676 2366 animique
690 2286 907 2347 monumenta
927 2302 1088 2368 umquam
1101 2278 1195 2370 justa
1215 2286 1268 2344 at-

57 2465 62 2481 ,
146 2382 293 2453 tentione
311 2380 529 2473 diligentique
543 2402 623 2448 cura
636 2382 808 2471 tractavit,
835 2381 867 2448 ei
888 2405 956 2449 non
981 2382 1171 2449 dubitamus
1189 2380 1270 2470 quin

146 2484 295 2579 permira
310 2484 455 2551 fuerit
424 2506 495 2551 visa
514 2484 625 2575 gravis
640 2505 680 2549 ac
694 2484 796 2550 veluti
818 2485 970 2552 aculeata
991 2486 1165 2578 severitas,
1192 2506 1270 2573 qua
1304 2543 1322 2563 ,,

147 2587 328 2658 Horatius
318 2609 354 2654 m
369 2585 579 2654 aestimandis
595 2594 745 2679 veterum
758 2586 1032 2678 Latiipoetarum
1047 2610 1154 2677 aeque
1167 2595 1269 2675 atque

148 2692 340 2781 aequalium
359 2677 597 2757 nonnullorum
611 2689 770 2782 operibus
790 2712 868 2758 usus
884 2699 944 2760 est.
992 2692 1159 2780 Antiquos
1181 2689 1271 2757 enim

150 2795 178 2864 si
193 2802 384 2894 spectamus
405 2801 542 2883 poetas,
567 2793 681 2862 nullus
699 2815 834 2880 eorum,
860 2802 1027 2883 quotquot
1044 2818 1065 2861 a
1084 2793 1170 2863 Livii
1193 2794 1271 2860 An-

150 2896 279 2966 dronici
292 2895 438 2964 aetatei.
454 2917 484 2963 e.
500 2919 530 2962 a.
548 2894 593 2963 U.
609 2895 648 2965 C.
661 2890 748 2963 5142
767 2897 919 2965 vixerunt
938 2906 973 2964 et
990 2920 1135 2999 poeseos
1158 2896 1270 2963 studio

149 3001 385 3084 inclaruerunt,
410 2998 586 3091 reperitur,
612 3021 708 3090 quus
719 3009 893 3091 poemata
919 3000 998 3067 licet
1012 2972 1133 3068 Cicero
1146 2999 1271 3088 aliique

147 3104 246 3175 multi
269 3101 439 3171 erectioris
461 3102 579 3170 mentis
607 3101 669 3168 viri
693 3125 735 3169 ea
756 3104 791 3170 iu
812 3101 937 3170 deliciis
954 3099 1197 3191 haberentet,
1231 3109 1271 3168 ut

148 3207 224 3301 ipse
240 3205 400 3273 Horatius
412 3203 520 3296 Epist
536 3204 578 3273 ll.
595 3202 630 3276 l.
645 3227 676 3272 ι.
692 3202 752 3272 60.
768 3226 846 3271 omn
859 3183 970 3294 aliqua
986 3204 1271 3297 indignatiuncula

149 3308 197 3378 ad
216 3309 407 3402 Augustum
428 3307 558 3394 scribit,
592 3307 704 3397 Roma
723 3315 843 3400 potens
873 3308 1037 3377 edisceret
1058 3318 1091 3376 et
1111 3316 1183 3374 arto
1208 3307 1271 3374 sti-

148 3420 230 3506 pata
242 3412 376 3480 theatro
391 3418 569 3500 spectaret,
585 3410 662 3478 satis
673 3411 711 3478 ei
727 3411 867 3479 fecerint
880 3413 1011 3479 etomni
1026 3420 1176 3502 exparte
1191 3409 1272 3476 fue-

149 3516 215 3584 rint
230 3516 383 3606 probata.
433 3514 474 3580 ln
486 3512 617 3581 Lucilio
633 3512 771 3601 quidem
784 3515 1005 3605 vituperando
1019 3539 1059 3581 ac
1076 3514 1270 3605 deprimen-

27 3618 30 3623 ’
150 3619 306 3687 deerunt
321 3618 461 3686 fortasse
482 3615 540 3704 qui
560 3624 695 3684 mutuae
714 3617 958 3684 aemulationi
949 3642 983 3685 ιιι
1004 3617 1140 3687 eodem
1146 3616 1271 3683 carmi-

39 3750 42 3757 ·
150 3743 231 3790 num
250 3744 377 3814 genere
400 3718 526 3808 aliquid
545 3718 757 3786 tribuendum
780 3728 954 3807 censeant,
984 3722 1021 3791 si
1044 3719 1181 3810 quidem
1200 3719 1271 3803 ille,

148 3825 276 3917 primus
293 3825 459 3942 insignem
483 3822 517 3888 iu
533 3821 642 3890 Satira
663 3822 805 3942 adeptus
824 3823 976 3908 laudem,
1001 3824 1134 3893 Horatii
1160 3830 1271 3889 aetate

71 3959 79 3970 ·
149 3928 255 4018 louge
278 3926 441 4017 plures
417 3947 486 3992 sme
510 3923 613 3992 dubio
628 3925 849 4046 majprcsque
876 3925 1019 3995 haberet
1040 3926 1271 4011 admiratores,

153 4051 254 4119 quam
269 4049 353 4118 quos
369 4052 429 4097 sua
443 4027 554 4095 adhuc
572 4030 734 4098 memoria
748 4053 825 4098 emn
842 4028 998 4098 habuisse
1019 4030 1120 4097 tradit
1135 4027 1271 4113 Quinti-

152 4133 259 4199 lianus
273 4131 352 4205 lnst.
371 4129 432 4201 Or.
449 4131 542 4201 Libr.
557 4132 599 4199 X.
616 4130 649 4201 l.
677 4127 712 4227 §.
727 4130 811 4218 93.,
845 4133 901 4222 qui
925 4134 1017 4201 itaci
1038 4132 1143 4200 dediti
1165 4137 1272 4218 erant,

153 4244 191 4304 ιιι
206 4258 284 4304 eum
297 4258 365 4305 uon
377 4233 530 4330 ejusdem
546 4234 650 4303 modo
664 4235 776 4326 operis
794 4237 1002 4324 auctoribus,
1032 4236 1093 4305 sed
1115 4235 1271 4304 omuibus
