2768 4838
706 70 725 131 i

26 258 29 265 ’
127 273 189 348 181
421 295 482 347 on
521 264 726 347 noento
765 291 952 371 nonno.

129 453 277 525 omniurn
311 451 356 523 de
383 450 546 541 Hostilio,
576 451 757 525 Annalium
785 450 968 544 scriptore,
1003 450 1187 536 silentium
1217 455 1247 523 si

129 559 335 652 cogitamus,
359 557 531 647 poeticam
547 555 736 651 Annalium·
749 555 994 630 confectionem
1013 564 1091 625 onte
1105 556 1247 625 Cicero-

31 712 40 723 .
129 663 180 737 nis
198 670 354 753 temporo
368 661 402 727 in
415 658 602 752 praecipuo
617 682 682 729 usu
696 668 797 749 atque
809 657 941 728 honore
955 658 1073 742 fuisse3
1099 659 1248 750 denique

130 766 176 853 si,
203 764 297 855 quod
318 786 420 856 supra
435 763 554 850 docui,
579 763 809 848 meminimus,
833 763 972 834 nomine
986 761 1194 833 Hostiorum
1213 772 1248 832 et

129 866 360 939 Hostiliorum
390 890 411 933 o
432 866 574 935 librariis
592 867 719 958 passim
740 888 815 959 esse
836 865 994 948 confusa3
1020 867 1094 955 quis
1116 875 1167 935 est
1189 868 1262 957 qui·

130 972 260 1041 dubitet
273 969 484 1039 subscribere
505 992 631 1039 nomen
650 992 749 1039 suum
766 970 969 1060 suspicioni,
995 970 1088 1061 apud
1100 970 1248 1039 Priscis-

128 1084 212 1145 num‘
223 1074 252 1159 l.
281 1095 310 1142 c.
342 1095 406 1166 pro
428 1071 581 1148 Hostilio
601 1072 836 1164 reponendum
857 1095 930 1141 esse
958 1069 1142 1161 Hostium,
1165 1074 1248 1142 belli

48 1256 50 1261 ,
128 1176 276 1248 Histrici¹
292 1178 508 1268 scriptorem,
542 1198 687 1265 eumque
714 1199 784 1246 non
800 1174 906 1245 modo
927 1174 1030 1265 titisse
1054 1175 1095 1251 G.
1116 1177 1247 1265 Lucilii,

129 1281 191 1350 sed
212 1279 312 1350 etiam
330 1279 381 1353 L..
396 1279 481 1349 Attii
502 1287 536 1348 et
559 1281 602 1351 A.
619 1277 718 1348 Furii
737 1278 879 1363 Antiatis
900 1279 1094 1369 aequalem,
1124 1302 1150 1348 o
1177 1302 1247 1370 quo

128 1389 272 1474 utroque
294 1383 475 1453 Annalium
495 1383 598 1451 libros
617 1383 719 1474 epicis
744 1382 896 1453 versibus
919 1383 1123 1475 compositos
1144 1383 1248 1453 fuisse

128 1488 261 1561 scimus.
295 1485 416 1576 Neque
430 1507 498 1578 ego
515 1486 643 1578 primus
659 1488 693 1554 in
708 1485 796 1555 hanc
810 1485 911 1556 incidi
925 1486 1170 1577 suspicionem,
1186 1486 1248 1555 sed

121 1589 341 1683 jamdudum
354 1599 433 1657 aute
458 1612 513 1657 me
528 1589 565 1658 J.
580 1589 622 1658 A.
630 1589 809 1657 Fabricius
833 1590 867 1658 in
879 1588 1040 1657 Bibliotn
1055 1588 1132 1659 Lac
1149 1584 1246 1657 Meu

128 1703 164 1771 et
178 1693 243 1763 inl.
257 1692 366 1761 Latin
381 1691 476 1765 Libr.
489 1691 579 1762 vill·
591 1714 628 1782 p.
642 1690 749 1776 826„
774 1692 834 1761 uhi
847 1691 1010 1761 Hostilius
1024 1691 1156 1783 scriptis
1173 1692 1247 1760 cla-

127 1820 183 1866 ros
197 1802 366 1881 recenset,
392 1795 549 1865 eumdem
564 1795 742 1887 proposuit
764 1795 1008 1887 conjecturonr:
1035 1793 1080 1861 de
1101 1817 1169 1883 quc
1192 1803 1247 1862 tn-

126 1922 205 1968 men
214 1892 382 1992 judicium
395 1907 467 1968 esto
480 1921 585 1991 penes
600 1896 752 1967 homines
774 1898 943 1985 eruditos,
968 1896 1027 1987 qui
1046 1896 1135 1965 hanc
1159 1919 1247 1987 quo-

81 2030 84 2040 ’
127 2005 329 2091 lemcnnque
342 2024 454 2071 meum
468 2023 628 2094 operam,
654 2001 851 2093 colligendis
859 2001 1043 2070 Poetarum
1049 1999 1253 2071 Latinorum.

125 2105 338 2198 Frugmeutis
348 2104 573 2204 insumptum,
597 2113 634 2177 ot
649 2105 1029 2177 emarcet-examinare
1047 2098 1143 2174 houd
1164 2127 1248 2199 gro-
1283 2110 1293 2146 t

30 2258 35 2269 -
125 2210 301 2282 mbuntor.
686 2238 689 2243 >
1130 2266 1133 2271 .
