2768 4838
263 290 323 342 sa
348 293 382 360 ρ.
407 291 555 339 nousru
577 290 707 340 susem
730 290 1076 349 orruuorsrosmus.
1176 272 1253 351 001
1297 342 1300 347 .

136 445 229 534 rum,
255 443 405 536 quamvis
427 443 593 513 malorum
612 448 810 537 poetarum,
834 451 875 512 ut
892 442 1012 514 Fannii
1032 467 1066 521 v.
1080 444 1159 540 21,
1185 449 1254 521 Ss-

135 546 1252 641 tirasadmirarentur,redarguitcontemnitquesuperciliosevfll.

140 727 143 731 ,
185 652 301 723 Nullo
326 650 479 720 tobemo
503 671 600 719 meos
624 647 759 718 babeat
781 670 894 741 oeque
912 652 996 743 pilu
1020 651 1169 742 libellos,
1263 712 1270 730 .

189 755 277 851 Quis
300 777 427 824 mortu
451 752 592 823 insudet
614 752 719 843 outgt
742 750 1048 846 Hermogenisque
1077 755 1220 850 tigerit
1295 782 1302 791 ’

184 859 265 930 Nec
287 860 433 928 recitem
458 857 624 948 cuiquem
647 855 716 923 uisi
739 855 884 943 muisis,
907 856 1016 950 idque
1039 868 1208 957 coactus,-

183 961 267 1032 Νοπ
289 961 402 1030 ubivis
426 980 593 1031 eorumve
615 956 839 1051 quibrtslibet.

132 1064 307 1136 Hiclocus
320 1064 432 1133 multis
445 1062 633 1131 nominibus
648 1070 766 1129 notatu
784 1060 905 1153 dignus
922 1067 983 1131 est
1033 1061 1185 1134 Primum
1204 1064 1252 1139 de
1355 1155 1358 1161 .

131 1190 170 1237 re
183 1170 414 1245 Romanorum
430 1166 572 1235 libraria.
625 1164 833 1234 scholiastes
851 1163 954 1254 Cruq.
969 1163 1015 1232 ad
1032 1188 1063 1236 v.
1079 1167 1251 1240 tuberone

132 1271 314 1342 Sosiorum
320 1299 334 1363 ,·
360 1271 427 1339 troc
440 1270 522 1339 ideo
535 1269 694 1360 scripsit,
718 1268 884 1360 quonium
897 1265 1108 1359 bibliopolae
1123 1272 1250 1344 statio-

129 1397 192 1443 oes
206 1375 263 1444 vel
278 1375 443 1442 urmoriu
459 1374 559 1442 circu
573 1372 675 1465 pilus
692 1392 755 1440 seu
775 1371 959 1441 columnus
971 1368 1170 1452 babebuut3
1200 1396 1250 1445 ue

124 1500 198 1571 per
218 1478 285 1547 boc
307 1477 475 1563 ostendit,
505 1497 546 1544 se
573 1497 643 1544 ooo
664 1481 798 1545 temere
821 1475 987 1566 cuiqrsum
1010 1471 1147 1544 libellos
1165 1496 1249 1547 suos

130 1583 254 1666 edere,
279 1581 346 1650 sed
359 1587 496 1649 tostum
512 1580 618 1647 certis
635 1584 670 1646 et
689 1577 809 1646 clectis
821 1576 1002 1669 personis,
1025 1597 1072 1645 ue
1086 1577 1267 1649 incidunt·

128 1685 165 1753 iu
179 1707 307 1754 moros
318 1685 560 1777 imperitorum
579 1681 774 1765 hommum,
800 1680 919 1772 putu
936 1686 1017 1748 erat
1039 1678 1248 1775 Hurnoge·

128 1811 190 1857 nes
214 1788 398 1881 Tigellius.
462 1786 502 1853 ln
529 1783 582 1852 his
613 1785 715 1876 igitur
739 1783 914 1852 Sosiorum
942 1782 1087 1865 tabernis
1113 1784 1246 1855 Horatii

128 1914 265 1982 quoque
288 1891 415 1959 Satires
438 1886 482 1955 sle
503 1887 712 1965 morefuisso
735 1886 922 1978 expositas,
947 1887 1046 1953 totius
1069 1886 1136 1955 loci
1159 1910 1246 1957 cou-

21 1984 36 1997 ’
127 2004 235 2062 textus
257 1992 390 2062 videtur
412 1990 546 2058 docere.
603 1990 684 2059 Jum
707 1989 781 2057 illas
805 1988 1066 2078 bibliopolarum
1086 1991 1243 2061 tabernas

126 2096 278 2165 homines
295 2095 455 2188 elegantis
470 2093 607 2162 laudem
629 2093 754 2185 ingenii
778 2101 952 2184 captantes
983 2092 1245 2165 circumcursare
1332 2148 1336 2156 .

127 2209 179 2289 et,
204 2199 326 2290 siquid
346 2199 424 2268 novi
442 2206 529 2266 esset
548 2197 585 2264 in
598 2197 711 2265 lucem
724 2196 868 2281 editum,
895 2195 1070 2283 exquirere
1091 2196 1245 2267 solebant

126 2325 335 2372 accensere.
408 2301 464 2371 Ab
488 2299 654 2392 ejusmodi
675 2298 865 2366 hominibus
888 2318 965 2365 oum
986 2297 1088 2365 etium
1110 2297 1245 2369 Horatii
1374 2375 1379 2389 ,

125 2408 256 2477 satirae
280 2407 393 2497 inique
419 2403 622 2497 dijudicatae
644 2410 680 2470 et
701 2402 736 2468 in
761 2399 986 2492 suspicionem
1015 2399 1244 2492 invidiamque

125 2511 219 2603 u'pud
238 2511 405 2603 populum
427 2508 595 2576 adductae
617 2514 728 2576 esseut
755 2503 845 2594 (vid.
870 2525 902 2571 v.
923 2499 974 2571 00
998 2503 1095 2595 sq.];
1126 2513 1243 2597 poeta,

123 2611 225 2707 hujus
249 2636 407 2682 censurae
428 2611 660 2703 indignitatem
681 2631 784 2701 aegre
811 2608 942 2693 ferens,
972 2604 1066 2700 apud
1093 2608 1244 2679 animum

125 2717 313 2802 coustituit,
346 2716 454 2784 nullos
480 2716 623 2807 amplius
644 2711 775 2783 libellos
803 2712 931 2803 publici
953 2710 1040 2803 juris
1067 2710 1181 2781 facere
1204 2720 1244 2785 et

123 2819 257 2887 tradere
276 2818 484 2909 bibliopolis,
517 2819 775 2910 relegerentur
796 2824 831 2882 et
855 2824 1071 2885 conseruntur
1093 2817 1138 2885 ab
1158 2815 1243 2885 iusi-

122 2922 205 3016 pida
217 2922 320 3015 plebe
338 2931 371 2991 et
386 2919 592 3008 hominibus,
618 2919 725 3011 qualis
744 2925 832 2987 esset
855 2916 1022 3011 'ligellius
1043 2918 1242 3012 Hermoge-

122 3048 191 3094 nes.
243 3026 290 3096 At
309 3025 382 3114 hic,
414 3033 452 3092 ut
479 3023 639 3113 vidimus,
655 3044 759 3102 „auno
779 3022 952 3113 superiore
972 3029 1124 3091 mortuus
1147 3030 1240 3106 eratg

115 3138 158 3221 *et
170 3137 284 3196 tamen
296 3129 365 3197 hoc
385 3129 420 3196 in
434 3129 511 3195 loco
530 3137 568 3196 ut
584 3127 678 3198 vivus
697 3124 809 3194 adhuc
831 3131 1044 3194 memoretur.
1096 3124 1177 3209 Qua
1191 3124 1240 3196 (le

122 3254 240 3299 caussa
252 3232 445 3301 Wrelandus
461 3229 552 3300 adh.
567 3232 589 3300 l.
604 3233 648 3301 N.
663 3227 722 3305 10.
735 3252 771 3321 p.
788 3223 875 3301 155.
890 3227 932 3298 ol
952 3250 988 3318 p.
1005 3224 1081 3296 282
1100 3235 1135 3295 et
1148 3226 1236 3299 010.
1308 3306 1310 3311 ,

119 3343 294 3426 permotus
315 3345 382 3422 est,
417 3345 455 3404 ut
484 3333 674 3404 (inoluisse
698 3339 858 3401 statueret
877 3329 1061 3423 'ligellios,
1089 3318 1237 3403 „alterum
1288 3342 1295 3357 “

122 3445 292 3505 cantorem
312 3437 428 3524 istum,
461 3438 505 3506 de
529 3438 625 3530 cujus
646 3445 754 3504 morte
774 3431 932 3504 Horatius
946 3431 1063 3504 ‚Satira
1085 3432 1237 3503 secunda

120 3539 346 3626 exsultaverit,
378 3541 519 3609 alterum
540 3541 632 3610 istius
652 3538 708 3607 vel
736 3538 842 3607 lilium
863 3538 920 3607 vel
938 3535 1142 3628 patruelem,
1175 3535 1243 3626 qui·

118 3643 153 3711 b.
170 3645 191 3714 l
206 3652 240 3712 et
253 3644 363 3712 Satira
376 3643 507 3713 decima
520 3644 774 3737 perstringatur.
814 3640 904 3710 Huic
916 3636 1085 3708 Wielandi
1098 3646 1235 3723 senten-

118 3747 184 3814 tiae
198 3746 328 3815 accedit
347 3747 396 3819 lo.
411 3747 486 3814 Nic.
498 3746 626 3817 Forlrel
645 3748 701 3815 iu:
726 3743 886 3836 Aligem.
907 3739 1036 3813 Gessit.
1050 3741 1086 3810 d.
1102 3736 1234 3830 Musti,

117 3848 196 3922 Vol.
213 3850 289 3942 Lp.
304 3846 392 3922 5⁰4.
417 3850 614 3921 Welandus
638 3851 739 3918 etiam
762 3847 933 3916 habuerat
955 3867 997 3914 ea
1015 3845 1050 3913 iu
1070 3867 1109 3914 re
1142 3867 1231 3936 quos

117 3963 327 4042 sequeretur,
354 3952 571 4024 Sanadonum
585 3953 631 4022 ad
641 3973 673 4023 v.
691 3947 752 4020 65.
766 3950 841 4021 Vol.
856 3949 898 4018 V.
911 3969 948 4040 p.
964 3945 1050 4020 148.
1069 3956 1105 4017 et
1116 3949 1233 4018 Duce-
1356 3964 1359 3969 ·

115 4056 201 4124 rium
223 4057 320 4124 ad'v.
342 4055 402 4125 72.
425 4056 502 4125 Vol
526 4057 585 4131 Vl.
610 4078 646 4149 p.
667 4051 774 4141 200,
811 4050 876 4122 sed
896 4051 1071 4137 lalluutur,
1102 4059 1142 4120 ut
1153 4050 1232 4144 jum
1301 4062 1305 4071 '

114 4159 260 4251 pervidit
272 4159 490 4230 Heindorlius
504 4160 550 4228 ad
563 4157 599 4229 ln
612 4159 635 4228 l.
648 4181 684 4251 p.
700 4156 787 4226 100.
819 4154 917 4225 Istius
937 4154 1157 4225 modulatoris
1170 4176 1231 4225 re-

112 4262 353 4354 prehensiones
371 4273 406 4336 et
424 4265 649 4336 vellicationes
665 4260 798 4335 uomet
818 4259 966 4333 animum
985 4257 1141 4331 ridentur
1160 4257 1233 4339 rui·¹
