2768 4838
99 203 178 277 472
293 224 342 276 on
366 224 513 275 munrrn
537 220 729 302 amnuens
755 224 1006 278 anuumrorm

100 384 195 473 leus,
228 387 355 450 attexta
379 356 535 467 carmini,
575 379 670 470 quod
693 380 862 451 derebus
884 382 928 450 ab
951 383 1028 473 ipso
1051 325 1248 473 praeclare·

101 486 207 581 gestis
222 482 437 554 scribendum
454 492 551 552 esset.
602 484 654 552 lta
668 484 770 576 igitur
784 484 933 552 Horatio.
941 484 1141 573 neutiquam
1162 497 1241 551 erat

101 588 338 671 metuendum,
365 609 407 654 ue
428 586 462 654 in
485 586 618 654 alterius
637 589 741 656 utrius
760 587 1058 678 reprehensionem
1076 589 1239 655 incurre-

102 701 155 762 ret
174 701 276 780 atque
299 688 473 757 invidiam:
507 689 657 778 utrique,
700 699 733 758 ct
755 690 875 758 marito
898 699 933 758 et
955 690 1114 775 amatori,
1148 712 1239 781 pcr-

37 850 40 859 ,
103 803 202 890 gruta
225 814 299 862 esse
321 790 438 859 debuit
459 791 639 861 Terentiae
658 794 741 862 laus.
793 795 869 862 Nec
890 793 1075 883 quidquam
1096 794 1132 860 in
1154 792 1239 861 uui-

103 920 203 967 versa
216 895 406 996 argumenti
421 893 647 987 descriptione
663 896 781 983 video,
807 905 846 964 ut
856 895 975 964 danius
995 895 1030 962 in
1046 895 1195 963 Excurs.
1209 895 1237 964 l.

104 1001 181 1070 Vol.
202 1000 227 1070 l.
247 1023 282 1092 p.
306 997 394 1066 431.
418 1008 554 1090 crepat,
581 999 675 1089 quod
699 999 882 1091 displicere
899 997 1026 1091 possit,
1051 1000 1244 1067 constituto·

103 1103 173 1173 hoc
196 1102 433 1172 senteutiamm
456 1123 560 1170 nexu:
601 1104 708 1190 „Non
731 1125 870 1195 possum
892 1101 1046 1171 Caesaris
1073 1102 1261 1177 victorias

104 1206 232 1276 imbelli
246 1207 320 1296 lyra
342 1227 480 1272 cauere:
507 1227 564 1273 eas
584 1214 641 1292 tu,
666 1229 688 1274 o
706 1204 908 1290 Maecenas,
935 1203 1068 1298 dignius
1091 1206 1151 1274 vel
1169 1228 1241 1298 pc-

106 1311 210 1379 destri
222 1310 371 1377 oratione
389 1307 579 1391 describes3
612 1331 667 1377 me
682 1308 785 1401 jubet
800 1308 904 1377 Musa
921 1308 1129 1397 Terentiae,
1148 1331 1241 1377 uro-

105 1415 150 1482 ris
169 1422 267 1496 tuae,
309 1411 449 1479 virtutes
478 1412 625 1480 carmine
655 1413 838 1483 celebrare.
846 1415 869 1454 ‘⁶
935 1411 1041 1496 Quod
1064 1434 1146 1479 cum
1167 1434 1255 1479 non·

107 1526 225 1608 suapte
243 1513 342 1581 animi
357 1512 568 1602 inductione,
596 1515 657 1583 sed
677 1514 799 1583 Musae
808 1514 908 1607 jussu
933 1537 969 1582 se
992 1514 1108 1583 facere
1124 1515 1244 1608 profi·

106 1629 210 1706 tetur,
238 1627 272 1686 et
286 1615 495 1686 Maecenatis
520 1627 554 1685 et
574 1617 754 1686 Terentiae
774 1617 910 1686 vanitati
927 1627 961 1685 et
975 1616 1097 1686 honori
1120 1619 1244 1686 vafer-

106 1723 190 1791 rime
202 1721 405 1809 velilicatur,
433 1730 467 1789 et
480 1719 574 1813 apud
588 1719 771 1789 Caesarem
787 1720 1035 1795 excusationem
1049 1721 1244 1812 quamdam

107 1835 261 1918 paratam
284 1823 398 1893 habet
450 1824 614 1916 Appellat
629 1835 742 1893 autem
757 1847 832 1893 eam
851 1824 1053 1909 dominam,
1086 1827 1245 1898 ds'onot·
1325 1820 1329 1827 ’

38 1974 42 1985 ·
108 1957 192 2007 ναν,
220 1918 287 1994 non
304 1927 493 2019 suiipsius,
520 1927 581 1995 sed
602 1929 702 1996 solius
725 1927 934 1996 Maecenatis
954 1927 1070 1996 habita
1090 1928 1243 2016 rationo,

110 2032 162 2098 cui
179 2039 296 2121 utpote
313 2031 494 2098 mulieroso
514 2029 644 2098 homini
666 2032 728 2099 iste
751 2031 861 2099 uxoris
883 2018 996 2099 titulus
1018 2052 1244 2121 nequaquam

108 2143 243 2225 poterat
258 2132 364 2200 videri
378 2132 532 2226 ineptus,
558 2133 683 2201 nedum
707 2134 818 2225 gravis
841 2157 931 2220 esse,
958 2134 1244 2224 quandoquidem

108 2235 177 2304 hoc
200 2237 335 2303 nominc
357 2258 424 2303 non
447 2237 556 2305 solum
573 2237 708 2328 puellae
729 2247 877 2324 amatae,
904 2237 966 2305 sed
991 2260 1114 2306 uxores
1137 2238 1242 2306 etiam

110 2349 144 2407 et
158 2338 423 2407 matresfamilias
446 2340 572 2432 passim
593 2339 785 2432 signantur,
827 2349 864 2407 ut
884 2340 978 2432 apud
1001 2340 1121 2432 Virgil,
1151 2341 1241 2425 Aen.

109 2442 167 2512 Vl.
184 2440 216 2513 ν’.
231 2440 316 2509 39ἵ.
353 2440 434 2525 „Hi
458 2443 639 2511 domiuum
663 2443 760 2512 Ditis
779 2442 942 2512 thalamo
961 2443 1145 2511 deducere
1168 2443 1244 2512 ud-'

111 2545 226 2614 orti:“
267 2545 326 2613 ubi
354 2545 508 2614 Senius:
546 2545 618 2613 Aut
640 2546 687 2615 de
721 2544 865 2614 Graeco
885 2553 1041 2616 tractum
1065 2553 1136 2632 est,
1181 2545 1244 2638 qui

80 2667 259 2749 'uxorem
280 2649 475 2721 δέσποιναν
493 2648 639 2723 'dicutur
672 2655 738 2718 out
757 2649 841 2717 Ditis
866 2645 1033 2736 thalamo,
1066 2656 1106 2717 ut
1124 2649 1244 2718 dorni-

110 2773 190 2819 nam
209 2749 354 2820 Cburon
371 2749 481 2820 adse
501 2752 673 2821 retulerit.
725 2751 905 2821 Suetonius
923 2753 958 2821 in
982 2750 1104 2822 Claud.
1126 2775 1159 2823 c.
1179 2751 1244 2824 39.

111 2883 132 2942 „
145 2852 276 2924 Occisa
297 2851 514 2939 Messalino,
537 2855 766 2948 paulopost,
804 2877 912 2947 mum
938 2856 974 2924 iu
995 2855 1152 2924 triclinio
1174 2856 1246 2926 de-
1316 2850 1319 2855 “

112 2955 247 3042 cubuit,
275 2948 334 3024 cur
350 2956 487 3025 domina
504 2980 574 3025 non
589 2959 735 3044 veniret,
758 2958 948 3050 requisivit.
957 2963 978 3002 “
1005 2957 1059 3027 cf.
1076 2957 1247 3037 Creuzeri

111 3061 185 3129 libr.
206 3059 334 3131 Abriss
356 3059 392 3128 d.
417 3061 464 3129 R.
489 3060 644 3146 Altertb.
670 3056 705 3155 §.
724 3056 785 3128 58.
807 3085 844 3153 p.
862 3059 923 3132 51.
974 3061 1159 3130 Praeterea
1177 3063 1250 3134 fuit

111 3164 272 3232 Terentia
286 3163 406 3231 mulier
422 3161 568 3256 superba
586 3174 619 3232 et
642 3163 838 3256 imperiosa,
865 3188 955 3256 quae
974 3165 1084 3256 ipsum
1108 3163 1251 3255 Caesa-¹

86 3298 88 3303 ·
111 3288 184 3336 rem
204 3265 432 3361 ¹Octavianum
457 3260 571 3335 amore
594 3276 732 3359 captum
749 3269 896 3336 tenebat
957 3268 1073 3352 Quare
1094 3267 1141 3335 ab
1162 3269 1250 3340 Ho-

111 3371 186 3439 ratii
204 3369 340 3461 ingenio
358 3378 391 3436 et
407 3378 476 3438 arte
498 3392 567 3438 non
582 3370 728 3438 alienum
743 3369 843 3439 fuerit
859 3379 1021 3456 statuere,
1049 3369 1176 3441 dictam
1200 3376 1251 3444 il·-

112 3475 180 3541 lam
203 3496 278 3540 esse
302 3472 484 3540 domiuum
508 3483 666 3564 respectu
692 3471 845 3541 Caesaris
871 3474 1039 3542 amatoris.
1099 3475 1150 3543 Et
1169 3476 1252 3545 fon
1300 3542 1305 3553 ,

112 3587 200 3645 tasse
216 3598 258 3643 ex
271 3575 339 3642 hoc
358 3574 511 3644 Caesaris
524 3566 558 3643 in
574 3575 772 3644 Terentiam
793 3599 908 3645 amore
926 3600 1044 3647 caussa
1066 3586 1119 3646 est
1138 3602 1251 3672 repe-

113 3679 234 3767 tenda,
262 3679 307 3746 ob
336 3702 439 3768 quam
462 3680 640 3766 HoratiuS,
666 3688 843 3771 receptum
866 3681 909 3748 ab
935 3681 1005 3747 aliis
1030 3682 1143 3772 poetis
1166 3706 1244 3752 mo-

113 3805 186 3850 rem
205 3791 357 3870 secutus,
382 3784 475 3871 ¹illam
488 3805 556 3850 non
573 3792 685 3872 recto,
721 3782 782 3850 sed
803 3783 925 3851 licticio
946 3782 1156 3873 Licymniae
1182 3810 1251 3857 no·

114 3887 202 3954 mine
223 3883 422 3976 designarit,
463 3896 499 3965 ut
528 3885 652 3954 furtivo
682 3885 769 3954 illius
792 3885 956 3977 Principis
987 3887 1094 3955 amori
1119 3911 1250 3960 nomen

115 4151 177 4209 stt.
195 4168 288 4210 umore
304 4150 444 4209 Terentius
460 4156 567 4223 coptum
584 4124 732 4209 Mauorti
747 4149 864 4222 potuim
879 4150 1082 4210 sollicitudidem
1107 4158 1135 4210 ot
1145 4166 1251 4212 'curum

115 4240 230 4281 monuo.
