2768 4838
135 288 189 365 411
432 313 499 391 on
534 313 739 366 naaria
765 294 966 367 roban.
1047 384 1051 396 ¹

134 462 276 557 Hnndii
299 460 346 536 ad
371 461 535 535 Gronovii
553 461 658 535 Diatr.
683 464 768 536 Stat.
792 464 870 539 Lib.
896 465 1013 536 1111.
1038 457 1100 535 25.
1120 486 1157 556 p.
1175 465 1261 539 249.
1320 484 1324 493 ·

133 569 289 659 lienique
318 569 437 662 ,plures
464 567 626 648 Prisciani
660 566 808 638 Codices
846 591 911 661 pro
943 568 1002 638 VI.
1036 567 1186 638 offemnt
1217 571 1260 639 V.

27 764 31 775 1
133 671 432 764 Erotopaegnion:
454 694 567 771 neque
591 680 705 740 tamen
731 670 776 740 do
801 681 895 740 sexto
913 648 1021 765 bajus·
1035 671 1154 763 operis
1172 673 1262 742 libro

58 806 59 813 ¹
133 784 248 867 potest
273 774 427 846 dubitari.
477 775 568 842 Nam
1285 767 1312 825 ’-

238 877 279 947 V.
332 876 502 946 Charisius
526 877 606 946 Inst.
633 873 695 945 Gr.
722 872 1006 970 [11118311
1033 912 1087 931 -
1123 875 1262 965 ,divina
1345 967 1348 973 Ι

35 967 40 980 ’
133 974 453 1079 Ἐρωτοπαιγνίων
479 989 593 1048 sextos
729 1053 733 1063 ,
919 1014 922 1019 ·
1018 1008 1042 1023 ..
1168 1050 1175 1061 ,

289 1081 556 1174 Lasciviterque
580 1078 748 1150 loduol.“

55 1254 57 1258 Α
134 1185 194 1254 ubi
217 1205 283 1278 pro
309 1184 431 1253 Livias
449 1184 526 1276 jam
550 1183 731 1253 Forcellini
756 1204 783 1254 s.
814 1201 850 1257 1.
881 1179 1062 1251 lascivitas·
1086 1189 1122 1252 et
1146 1179 1262 1252 Osan-

67 1375 68 1380 ,
133 1309 196 1359 nus
220 1289 256 1356 in
279 1287 376 1359 Anni.
404 1286 487 1357 Crit.
513 1298 555 1379 p:
575 1282 637 1354 54.
662 1285 818 1354 Laevius
845 1284 1074 1355 emendarunt.
1137 1285 1262 1355 Chari-

135 1391 201 1461 sius
225 1388 261 1461 h.
283 1390 307 1458 L
331 1390 493 1459 Laeviani
517 1389 604 1458 illius
630 1388 742 1480 operis
767 1387 1020 1480 inscriptionem
1038 1411 1107 1458 non
1122 1387 1263 1478 Latinis,

134 1501 173 1562 ut
197 1493 297 1580 alias,
322 1492 384 1562 sed
398 1491 538 1561 Graecis
564 1492 724 1582 scriptam
748 1490 855 1561 habet
878 1491 1012 1562 litteris:
1037 1515 1126 1583 quae
1150 1493 1262 1561 varie-
1315 1543 1318 1547 -

134 1603 186 1685 tas
213 1598 314 1665 etiam
345 1595 426 1662 alibi
450 1596 632 1682 invenitur,
665 1601 703 1663 nt
734 1591 828 1686 apud
852 1593 1010 1663 Priscian.
1035 1594 1113 1665 Lib.
1139 1594 1198 1664 ΠΙ.
1225 1594 1262 1665 3.

130 1694 172 1793 §.
209 1697 270 1767 14.
303 1697 408 1786 editt.¹
434 1707 516 1774 vett.
582 1694 744 1786 ,Accius
769 1697 807 1766 in
838 1695 905 1765 XI.
945 1697 1263 1771 Arduosolraoir·“

134 1800 294 1872 Kreblius
317 1823 400 1885 ,vcro
425 1800 514 1875 'n-l.
535 1824 570 1892 p.
593 1798 680 1869 112.
706 1800 741 1867 in
760 1797 879 1869 ‚Codd
895 1783 989 1869 Mss.
1015 1799 1264 1889 didascalicon

134 1902 262 1975 Latinis
280 1913 451 1972 exaratum
464 1904 581 1972 litteris
606 1903 747 1987 invenit,
773 1901 869 1993 quod
883 1899 940 1970 bic
956 1903 1058 1971 etiam
1075 1905 1264 1995 repositum

134 2008 237 2076 velim
261 2029 283 2074 a
306 2006 378 2075 viro
405 2006 616 2094 doctissimo,
649 2013 687 2075 nt
720 2006 755 2073 in
788 2004 943 2097 ejusdem
975 2005 1083 2075 Libro
1115 2006 1173 2076 vl.
1201 2006 1261 2077 13.

111 2104 172 2204 §.
205 2107 265 2178 (18.
300 2132 336 2200 p.
370 2107 456 2182 264.
507 2108 767 2180 Didascalicon
808 2115 901 2176 recte
934 2107 1044 2177 edidit.
1069 2098 1135 2201 pro'
1168 2111 1262 2204 vulg.

133 2211 383 2283 Didascalico
448 2211 538 2281 Nam
574 2212 644 2281 hoc
681 2212 795 2303 ipsum
824 2210 985 2280 mendum
1017 2211 1129 2281 standi
1159 2210 1264 2283 fuisso

134 2323 219 2407 puto
238 2316 404 2411 librariis,
436 2324 475 2385 ut
500 2307 753 2390 Asdooacltsd
778 2313 888 2406 Ateji,
921 2315 976 2383 cui
998 2312 1070 2383 hoc
1095 2337 1181 2407 opus
1207 2317 1264 2387 fe-

134 2419 241 2487 liciter
265 2411 445 2489 vindicavit
470 2417 628 2489 01111111
647 2418 683 2486 in
706 2415 804 2487 Anal.
832 2416 963 2486 Criticis
986 2416 1072 2511 Cap.
1085 2418 1145 2490 lv.
1158 2417 1272 2512 11:6⁰,

135 2545 228 2611 sqq,
254 2522 441 2590 tribuerent
463 2521 507 2591 L.
531 2521 626 2592 Attio
649 2528 795 2613 poetae,
830 2542 852 2588 a
876 2543 946 2611 quo
972 2542 1060 2612 opus
1085 2521 1168 2616 napi
1189 2522 1265 2597 Δι-

135 2623 338 2697 locucionis
370 2623 534 2715 scriptum
564 2647 639 2693 esse
675 2622 747 2692 istis
777 2621 968 2691 hominibus
1000 2622 1168 2694 videretur
1198 2623 1264 2695 ad-

131 2727 277 2817 modum
301 2727 489 2810 verisimile.
540 2726 650 2813 Aliis,
683 2725 746 2795 sed
777 2726 953 2795 verissimis
981 2724 1100 2796 ductus
1115 2728 1263 2805 ‚rationi-

134 2829 200 2899 bus
225 2829 479 2898 Wernsdorfins
512 2828 548 2897 in
571 2829 611 2903 P.
634 2827 678 2898 L.
703 2826 755 2898 M.
782 2829 826 2900 Τ.
853 2829 879 2898 l.
904 2853 940 2922 p.
968 2827 1053 2901 153.
1085 2830 1263 2920 Salmasio,
1307 2836 1312 2843 “

137 2932 335 3001 existimanti
366 2932 531 3026 poematis
570 2932 704 3000 titulum
735 2953 805 3014 non
844 2925 1002 3020 πρντικοῖ
1035 2933 1096 3001 sed
1126 2928 1263 3007 πόντια

134 3036 259 3123 fuisse,
275 3036 487 3127 repugnavit.
541 3033 682 3104 Certum
704 3042 771 3122 est,
790 3034 874 3103 illud
888 3034 980 3136 pteji
992 3034 1160 3128 philologi
1175 3059 1263 3128 opus

1 3190 4 3198 .
136 3132 413 3214 Attenuatum
438 3161 466 3207 s.
491 3133 754 3207 Didascalicon'
769 3138 904 3225 nominc
928 3137 1031 3206 fuisse
1056 3139 1262 3231 inscriptum.

123 3242 250 3331 ‹Atque
274 3238 331 3309 hic
363 3240 480 3331 quaeri
509 3246 649 3333 potest,
674 3248 751 3308 ntra
787 3239 956 3309 scribendi
988 3241 1092 3328 ratio,
1127 3242 1264 3313 Graeca

121 3367 182 3413 an
205 3331 344 3431 Latina,
369 3343 405 3412 in
427 3343 611 3413 Librorum
636 3343 735 3411 titulis
761 3342 854 3433 apud
880 3341 1054 3412 Romanos
1079 3367 1144 3413 usu
1161 3346 1265 3416 fuerit

136 3457 291 3538 recepta,
325 3453 377 3535 et,
410 3446 439 3514 si
470 3468 529 3515 eos
552 3445 679 3515 Latinis
704 3446 821 3525 litteris
845 3446 1065 3537 scripserunt,
1098 3450 1265 3519 an'Lati-

135 3572 216 3619 nam
249 3572 387 3639 quoqne
419 3549 455 3619 in
487 3549 526 3617 iis
564 3547 738 3618 flectendis
777 3547 882 3616 secuti
920 3549 985 3617 sint
1017 3550 1265 3626 formationem.

29 3657 32 3663 '
136 3652 192 3722 Ex
217 3650 330 3720 Gellio
361 3652 396 3722 in
427 3653 527 3721 Noct
560 3651 662 3723 Attio.
694 3649 807 3719 Praef.
835 3646 870 3746 §.
897 3648 1069 3720 6-10
1095 3653 1264 3745 discimus,

138 3778 160 3824 a
182 3754 357 3847 permultis
381 3755 615 3823 Romanorum
637 3753 789 3822 Graecos
814 3755 881 3822 suis
900 3755 992 3824 libris
1005 3757 1174 3846 praefixos
1190 3780 1266 3829 esse

136 3859 267 3944 titulos,
293 3879 380 3947 quos
403 3867 516 3927 tamen
541 3879 657 3926 omnes
671 3856 815 3924 arbitror
828 3857 973 3944 Latinis,
999 3860 1264 3930 11111111ίί111-

138 3961 186 4030 cis
211 3968 364 4028 exaratos
389 3960 492 4030 fnisse
516 3961 633 4029 litteris
667 3967 702 4028 et
734 3958 856 4028 horum
887 3963 1062 4029 nominum
1086 3964 1265 4051 flexionem

137 4064 241 4133 fnisse
264 4061 508 4155 promiscuam,
540 4064 588 4132 ita
622 4071 677 4150 nt,
709 4062 768 4153 qui
799 4062 950 4154 pedestri
975 4064 1160 4134 scriberent
1183 4091 1266 4138 ora-

137 4169 245 4254 tione,
277 4166 478 4258 plernmque
502 4165 676 4253 Latinam,
707 4173 833 4258 poetae
865 4174 979 4234 autem
1012 4167 1183 4237 Graecam
1206 4195 1266 4246 se,-

138 4278 321 4362 qnerentur
344 4267 501 4351 flectendi
531 4269 704 4341 rationem
735 4349 738 4353 ,
770 4267 895 4339 Sobria
918 4267 985 4339 hac
1010 4269 1056 4340 de
1079 4295 1118 4341 re
1144 4272 1267 4367 dispu-
