2768 4838
162 268 247 346 8⁰2
337 288 398 345 ua
419 290 454 361 a
478 288 628 343 ιιοιιιιιι
651 288 779 341 annun
802 286 1150 344 commereamur.

159 428 642 564 ·rumqnantnmvnlnerasse.
691 440 782 510 Hinc
802 440 1226 534 lmtroproxrmranmU
1246 440 1290 514 0

159 544 299 638 ild,
302 570 371 651 qno
387 546 531 619 Satiram
553 546 686 615 tertiam
704 545 913 636 composuit,
939 544 1130 614 Stoicorum
1158 544 1293 666 dogma

168 652 344 759 quoddam
363 646 638 745 impugnaturus,
669 645 743 740 ejus
770 646 903 716 initium
920 670 942 715 a
968 648 1117 739 Tigellio
1145 647 1292 742 ejusque

167 746 236 827 vita
258 778 300 837 ac
310 755 467 827 moribus
493 750 652 845 sumpsit3
676 750 757 818 bino
778 751 974 844 perplures
997 750 1158 844 deinceps
1183 774 1291 824 annos
1376 812 1378 817 ,

166 859 411 929 obtrectatores
426 878 531 943 suos,
526 856 639 924 istius
652 852 752 922 Sardi
774 854 908 922 nominc
921 864 1094 945 tamqnam
1117 858 1291 926 communi

165 984 264 1053 usus,
289 960 411 1042 rodere
423 959 588 1053 perrexit,
608 964 660 1044 et,
682 955 812 1046 quoties
824 964 956 1049 posset,
979 957 1071 1026 istius
1088 959 1291 1031 memoriam

159 1054 341 1135 ‘acerbiore
365 1086 444 1131 cnm
465 1062 615 1131 bualone
633 1059 835 1128 instauravit
893 1059 980 1153 Ejus
998 1060 1049 1131 rei
1070 1062 1165 1130 testis
1186 1063 1290 1135 tocn-

159 1168 350 1262 'pletissima
362 1174 414 1235 est
428 1164 538 1235 Satira
551 1162 702 1250 decima,
728 1184 759 1230 a.
773 1161 819 1232 U.
834 1160 875 1232 O.
890 1160 997 1249 ⁴123„
1021 1159 1106 1257 ergo
1118 1166 1288 1237 novennio

39 1320 42 1339 .
159 1270 343 1365 postillins
357 1276 503 1338 mortem
517 1270 658 1361 scripta:
683 1264 742 1335 nbi
757 1266 869 1335 simine
881 1266 962 1354 iste,
982 1267 1192 1354 Demetrius,
1217 1278 1290 1339 non

145 1374 272 1467 magis
293 1395 335 1441 ac
361 1371 508 1467 pulcher
531 1370 768 1462 Hermogenes
796 1369 972 1462 ignorasse
1001 1371 1125 1440 dicitur
1154 1382 1288 1443 veteres

159 1476 387 1547 'Graecorum'
406 1473 564 1545 Comicos
591 1496 624 1542 v.
645 1470 725 1556 18.;
758 1473 817 1542 nbi
840 1471 985 1542 Fannius
1008 1495 1041 1543 v.
1064 1472 1125 1546 811.
1152 1475 1289 1569 ineptus

163 1580 304 1649 conviva
324 1577 553 1699 Hermogenis
571 1575 709 1669 'ligellii
730 1575 931 1668 appellatur,
957 1586 992 1645 et
1006 1576 1084 1663 nbi,
1114 1577 1201 1647 irato
1223 1601 1288 1649 sno

164 1682 277 1752 Genio
309 1680 405 1773 qnasi
417 1680 687 1769 satisfacturus,
726 1678 992 1749 obtrectatorum
1021 1702 1159 1751 suarm
1185 1683 1290 1778 gregi

162 1784 366 1921 valedicitv
383 1780 445 1854 uo.

576 1883 755 1973 Decumi,
779 1883 900 1978 teque,
928 1802 1073 1978 ligelb,

164 1988 488 2082 Discipnlaaum
511 1985 603 2056 inter
616 1984 727 2080 jubeo
746 1987 900 2080 plorare
924 1989 1128 2062 cathedras.

215 2090 254 2178 I,
275 2112 390 2185 puer,-
414 2097 523 2183 utque
547 2111 625 2159 meo
650 2090 739 2159 citata
763 2090 855 2159 baec
879 2089 1060 2160 subscribe
1083 2090 1213 2175 libello.

34 2276 35 2281 ἵ
160 2192 344 2267 Caeterum
357 2217 400 2264 ex
412 2193 482 2262 boc
495 2194 573 2261 loco
588 2202 656 2262 n‘on
668 2201 797 2262 temere
816 2193 1001 2286 colligitur,
1025 2193 1077 2263 M.
1099 2195 1287 2288 'ligellimn

161 2296 436 2393 Hermogenem,
469 2306 643 2377 cantorem
663 2305 698 2367 ct
717 2297 982 2386 modulatorem,
1015 2298 1148 2367 Romae
1175 2307 1286 2368 artem

159 2403 324 2471 musicam
337 2394 493 2470 docuisse
509 2409 544 2469 et
561 2401 889 2490 mimos-mimasque*
900 2401 1082 2470 in'scenica
1092 2401 1185 2471 vocis
1204 2423 1284 2470 mo-

161 2504 333 2575 dulatione
354 2503 561 2574 erudivisse.
596 2505 686 2572 Nam
701 2502 836 2590 dubito,
862 2512 999 2572 rectene
1012 2503 1155 2572 dixerint
1168 2505 1284 2591 Scho-

160 2607 293 2694 liastae,
319 2606 504 2700 Tigellium
517 2604 753 2674 obtrectatorie
775 2614 810 2674 et
823 2627 888 2698 per
903 2607 1062 2675 invidiam
1077 2608 1122 2675 ab
1137 2578 1283 2677 Horatio

160 2711 369 2813 appellatum
384 2732 459 2778 asse
471 2712 644 2778 cantorem
655 2730 721 2801 pro
735 2707 874 2778 musico.
909 2708 999 2779 Cum
1016 2710 1106 2778 enim
1106 2712 1284 2807 enatare,
1336 2735 1343 2755 ·

159 2823 200 2882 ut
215 2834 318 2907 snpra
330 2813 491 2899 vidimus,
515 2811 583 2880 boc
603 2832 691 2881 nexu
704 2812 746 2880 sit
759 2811 902 2881 recitare
917 2811 962 2880 ad
980 2813 1102 2883 modos
1125 2796 1282 2935 musicos,

159 2916 243 2986 nibil
256 2910 482 2987 masadan
493 2916 620 2984 nemim
637 2917 781 2985 cantoris
792 2915 930 2986 subesse
944 2916 1095 3007 videtur,
1114 2917 1177 2988 nisu
1166 2916 1284 3015 qnod

159 3029 264 3113 pcata
283 3029 398 3089 nostm
417 3040 520 3088 omne
544 3018 614 3086 boo
631 3018 883 3088 modulatorem
903 3042 1030 3112 genus,
1062 3040 1227 3113 arrogans
1248 3027 1283 3091 et

41 3200 48 3211 κ
161 3122 231 3192 sibi·
226 3123 389 3216 sapiens,
414 3142 556 3215 perosus
572 3128 677 3208 esset,
702 3129 821 3212 utpote
834 3123 928 3212 quod
944 3122 1056 3191 bonae
1076 3124 1282 3215 optimorum

160 3235 340 3318 poetarum
353 3227 472 3295 iamne
480 3222 621 3346 publica
635 3232 670 3294 et
683 3223 888 3293 clandestina
901 3225 1142 3295 obtrectatione
1155 3248 1282 3296 uocem

161 3329 311 3399 auderet.
362 3318 542 3421 'ligellius
545 3328 699 3397 eximiam
712 3349 832 3396 vocem
844 3350 865 3396 a
877 3337 997 3398 natura
1008 3329 1149 3398 launico
1164 3338 1281 3399 nactus

79 3436 82 3441 ’
161 3440 197 3502 et
209 3433 353 3503 musices
366 3433 487 3524 peritia
500 3430 666 3500 excellens
685 3452 754 3500 non
767 3440 898 3501 annm
919 3455 956 3500 se
978 3433 1015 3501 in
1032 3433 1176 3527 gratim
1197 3432 1282 3501 Julii

161 3535 316 3606 Caesaris
340 3534 520 3606 liictatcris
544 3542 580 3603 et
604 3532 783 3604 Octaviani
810 3535 1056 3627 insinuaverat,
1085 3535 1282 3606 sedetiam

116 3646 121 3653 ‘
160 3639 253 3732 apnd
266 3640 435 3733 populum
449 3659 610 3730 magnam
622 3638 748 3707 famam
762 3646 797 3706 et
812 3639 1045 3709 anctomtatcm
1057 3637 1185 3733 ingenii
1192 3662 1280 3729 qua·
1308 3656 1311 3661 ’

160 3742 240 3811 dam
262 3744 430 3836 elegantia
453 3750 488 3811 et
511 3739 708 3810 modulandi
731 3748 803 3811 arte
826 3742 959 3810 Romam
982 3751 1180 3813 consecutus
1204 3744 1280 3811 esse

157 3845 301 3917 videtur.
350 3846 491 3914 ideirco·
498 3844 657 3914 Horatius
672 3843 745 3938 ejus
759 3864 884 3913 nomen
898 3845 945 3913 ita
957 3847 1147 3938 usurpavit,
1173 3867 1215 3913 ac
1239 3844 1279 3935 si,

159 3942 607 4039 quemadmodum-Roscius
622 3948 858 4045 appellabatur
890 3950 1040 4039 quisquis
1063 3949 1098 4021 in
1115 3972 1178 4018 suo
1197 3948 1280 4017 arti-

157 4052 237 4121 ficio
258 4052 460 4140 excellebat,
490 4046 539 4120 sic
561 4053 709 4145 optimus
729 4053 871 4144 quisque
893 4054 1086 4122 modulator
1104 4060 1140 4121 et
1162 4060 1281 4119 cantor

157 4154 324 4257 'ligellins
337 4150 572 4249 Hermogenes
587 4155 728 4225 audiret.
778 4156 832 4226 Ita
854 4156 1097 4252 accipiendum·
1111 4163 1162 4227 est
1184 4154 1281 4226 Her-

150 4259 313 4356 mogenis
321 4278 452 4331 nomeu
461 4258 591 4331 libel
607 4258 678 4331 Sat
696 4257 731 4330 8.
749 4279 783 4330 r.
799 4257 906 4330 nas
