2768 4838
631 114 643 121 .
719 77 741 120 Ι

423 301 489 354 ιιι
522 300 723 352 usurae
761 298 946 352 roure
1197 271 1250 345 31
1311 369 1317 381 ι

128 482 209 553 quae
232 461 435 552 scripserat,
463 456 630 548 carmina,
663 453 721 527 hic
739 461 943 526 memoratus
964 453 1024 543 sit,
1049 455 1165 524 tacere
1186 474 1253 522 nou

125 586 281 658 possum,
307 562 389 651 quin
409 561 521 628 statim
536 560 627 629 aliud
640 560 792 653 quamvis
808 558 884 627 leve
900 567 1002 649 atque
1021 558 1186 626 incertum
1207 555 1252 626 de

126 689 164 737 eo
178 663 408 735 testimonium
428 662 614 784 subjiciam
662 661 722 733 Ad
734 660 867 732 Horatii
881 660 959 730 Lib.
975 661 1036 730 lll.
1052 661 1109 734 od
1128 659 1154 728 l.
1170 682 1201 728 v.
1215 660 1250 728 2.

126 769 290 839 carmina
312 788 381 834 non
396 766 503 860 prius
524 765 654 836 credita
689 764 869 833 adnotavit
885 765 1003 834 Acron
1025 784 1061 856 p.
1085 759 1172 833 101.
1196 758 1251 835 ed.

125 871 226 943 Basil.
247 865 361 938 155⁰.
387 890 415 937 a
428 868 603 938 Romanis
626 868 773 961 supplet
797 867 959 960 quarnms
971 865 1105 936 Bebins
1117 864 1253 957 Lyrico
1334 862 1341 877 ⁸

125 974 290 1044 cmrnina
316 979 399 1041 unte
422 971 616 1041 Horatium
639 971 840 1063 scripserit,
871 976 912 1038 ot
935 970 1002 1039 itta
1022 991 1091 1038 nou
1104 969 1252 1062 plenum

126 1075 242 1169 (sici)
277 1081 313 1146 et
346 1082 471 1143 exacte
493 1073 608 1168 sucta
637 1078 861 1145 morntrcret.
918 1070 1137 1165 Porphyrion
1168 1068 1250 1140 ibid.

125 1203 159 1273 p.
186 1175 275 1248 108.
340 1176 514 1247 Romans
544 1177 664 1269 atique
694 1197 764 1245 non
782 1175 890 1268 prius
912 1175 1059 1262 cudda,
1090 1170 1253 1269 quamvis

125 1280 259 1369 Bcbins
282 1279 418 1370 Lyrica
450 1288 534 1349 ante
557 1277 750 1349 Horatium
782 1277 983 1370 scripsmit,
1013 1276 1081 1347 sed
1109 1276 1277 1347 videtin,

127 1385 211 1477 (leg.
238 1381 420 1473 videntur)
445 1406 513 1451 non
539 1383 619 1453 iila·
635 1380 861 1451 Graecorum
889 1380 975 1473 lege
1005 1379 1059 1449 ud
1081 1378 1251 1471 [syricum

127 1488 375 1558 characterem
408 1492 550 1556 exacto.
615 1484 770 1574 Denique
802 1480 918 1554 Schol.
955 1481 1060 1574 Gruq.
1090 1504 1127 1575 p.
1164 1477 1249 1552 132.

130 1589 304 1686 Quamvis
328 1589 420 1658 enim
444 1587 594 1659 Lesbius
615 1586 732 1657 Poeta
756 1593 840 1656 ante
854 1586 1047 1656 Horatium
1067 1585 1250 1678 omisserit

127 1693 243 1784 lyrica
268 1692 452 1779 carmina,
485 1714 532 1762 ea
562 1712 632 1760 non
663 1696 767 1759 erum
797 1689 958 1775 Latina,
987 1689 1055 1760 sed
1090 1686 1248 1758 Graeco.

125 1796 165 1877 lu
185 1795 345 1865 Auctario
367 1805 481 1864 autem
500 1794 617 1865 Schol.
635 1791 739 1883 cruq.
764 1814 801 1885 p.
822 1788 908 1861 69⁰.
934 1791 1016 1861 illud
1031 1789 1185 1862 scholion
1204 1790 1252 1859 ita

127 1899 254 1967 editum
279 1898 421 1990 legitur,
444 1909 483 1966 ut
506 1898 612 1966 verbo
634 1906 731 1965 tcuus
753 1895 1087 1988 cumPorpbyriouis
1105 1894 1249 1963 adnota-
1378 1963 1383 1973 ,

125 2003 218 2071 tioue
239 2002 430 2093 conspiret,
454 2001 516 2071 uisi
539 1999 634 2090 quod
647 1998 771 2069 Livias
783 2020 848 2089 pro
865 1996 999 2068 Bebius
1019 1998 1180 2091 scriptum
1194 1997 1250 2065 iu-

127 2105 267 2175 venitur.
300 2103 413 2196 Hujus
429 2103 636 2173 Scholiastae
650 2101 847 2170 auctoritate
860 2101 987 2169 iunixus
999 2100 1248 2171 Wernsdorllur
1367 2170 1373 2189 ,

126 2207 161 2276 iu
176 2208 224 2276 ³1¹.
243 2204 288 2280 L.
311 2205 363 2275 Μ.
381 2205 519 2277 Dissert
533 2228 576 2299 p.
605 2204 732 2274 XXIX.
752 2205 887 2273 livium
909 2203 1139 2274 Andronicum
1164 2203 1252 2273 inter

127 2309 251 2401 lyricos
273 2308 494 2402 Latii-poetas
509 2309 647 2399 recepit
700 2307 773 2378 Sed
792 2307 919 2376 fallitur
935 2314 970 2376 et
990 2305 1171 2375 doctissimi
1184 2302 1251 2374 ¹riri

128 2411 336 2505 ιιίιίζοιιιίιιιι
360 2412 468 2505 fugit,
509 2410 723 2504 scaligerum
745 2410 792 2480 ad
814 2411 942 2481 Ausou.
975 2409 1052 2483 lc.
1073 2410 1108 2479 in
1129 2409 1248 2479 Horat
1308 2478 1316 2495 „

57 2516 60 2521 ’
128 2515 339 2594 scholiastae
364 2513 616 2585 Commentario
648 2513 864 2583 scribendum
890 2513 1057 2584 censuisse
1077 2512 1251 2583 Laevius.

130 2640 208 2715 qua
211 2618 418 2687 correctione
433 2619 516 2688 uilril
528 2614 611 2686 milri
625 2618 757 2686 videtur
778 2618 908 2686 certius.
958 2616 1039 2687 Hoc
1053 2617 1250 2708 qualecum-

128 2743 196 2819 que
217 2719 480 2793 Scholiastarum
497 2719 542 2790 de
554 2720 683 2789 Laevio
704 2720 929 2789 testimouium
943 2728 1106 2811 quantum
1127 2718 1251 2787 suffra-

127 2832 229 2917 getur
242 2832 377 2892 nostrae
396 2825 441 2894 de
453 2825 539 2893 illius
553 2832 662 2892 aetate
675 2823 871 2908 sententiae,
896 2831 1003 2914 patet
1053 2821 1126 2893 Sed
1138 2831 1252 2890 tamen

127 2925 363 3020 gravissimum
378 2926 557 3021 pondus
529 2950 560 2994 er
576 2927 690 3018 adjicit
709 2926 795 3018 legis
811 2925 961 2994 Liciniae
974 2924 1101 3003 mentio
1114 2925 1184 2993 ab
1175 2947 1251 3016 rpso

127 3028 258 3101 Laevio
278 3029 313 3096 in
332 3028 593 3123 Erotopaegniis
614 3029 722 3116 facta,
746 3035 831 3097 teste
854 3027 966 3097 Gellio
988 3029 1031 3098 N.
1047 3028 1091 3099 A.
1104 3028 1182 3097 Lib.
1206 3027 1252 3096 ll.
1373 3090 1378 3101 .

129 3155 160 3202 c.
182 3129 243 3201 24.
270 3131 337 3200 vid.
361 3130 499 3226 Fragm.
521 3131 579 3201 vl.
630 3133 745 3222 Atque
768 3133 854 3200 illius
878 3130 1073 3224 Fragmenti
1095 3129 1253 3199 rerbasi

129 3235 205 3326 quis
227 3243 352 3311 attente
374 3245 409 3304 et
436 3237 507 3305 sine
539 3223 771 3328 praejudicata
796 3234 954 3326 opinione
983 3232 1252 3318 consideraverit,

128 3339 302 3423 lubenter,
329 3339 449 3424 credo,
474 3339 510 3406 iu
530 3361 642 3406 meam
662 3338 814 3406 transibit
835 3337 1050 3424 sententiam,
1084 3357 1152 3425 qua
1170 3336 1251 3404 istos
1284 3410 1287 3415 ,

129 3463 266 3526 versus,
291 3442 411 3530 quibus
434 3441 591 3511 severitas
612 3441 839 3534 sumptuariae
857 3440 944 3509 illius
964 3440 1051 3531 legis
1074 3460 1253 3507 coenarum

130 3566 315 3636 expensam
327 3545 372 3613 ad
389 3546 495 3613 carnis
516 3544 632 3613 aridae
648 3544 767 3637 pondo
788 3544 851 3612 tria
867 3553 901 3612 et
923 3540 969 3612 ad
988 3543 1117 3611 fructus
1138 3541 1253 3610 vitium

130 3647 333 3716 arborumve
349 3648 576 3740 restringentis
595 3647 707 3717 facete
729 3648 896 3739 carpitur,
922 3667 965 3716 ec
987 3644 1064 3738 ipso
1085 3667 1107 3712 a
1125 3644 1253 3713 Laevio

131 3751 274 3841 scriptos
291 3773 363 3832 esse
379 3753 531 3842 suspicor
545 3774 651 3836 auno,
677 3773 746 3841 quo
765 3751 821 3818 lex
840 3751 898 3818 illa
916 3747 1046 3817 Licinia
1059 3748 1190 3839 perlata
1204 3747 1252 3818 sit

133 3852 232 3938 Quae
246 3875 342 3936 cunr,
368 3862 404 3923 ut
415 3855 501 3922 rufra
516 3853 731 3940 docebimus,
753 3876 806 3925 an.
821 3852 866 3923 U.
883 3850 923 3920 0.
936 3847 1024 3920 657.
1044 3850 1087 3918 srt
1099 3849 1256 3943 promul

131 3964 232 4063 guta3
258 3958 487 4046 consequitur,
502 3956 666 4025 Laeuium
679 3905 736 4025 illei
749 3965 904 4048 tempore
917 3954 1068 4023 floruisse
1083 3961 1135 4041 et,
1154 3951 1255 4044 quod

131 4044 235 4150 suprri
250 4061 367 4149 posui,
382 4060 552 4127 Hortensii
567 4070 602 4127 et
618 4058 788 4129 Ciceronis
804 4059 906 4126 fursee
917 4058 1136 4148 aequalem
1157 4057 1256 4142 Quae
1328 4048 1332 4056 ’

131 4160 330 4231 hacteuusa
351 4163 448 4231 uobis
465 4161 635 4254 disputata
655 4170 747 4248 suut,
773 4185 815 4229 ea
831 4160 982 4250 denique
997 4159 1135 4229 mirifice
1156 4161 1258 4227 etiam

133 4263 336 4358 abjurantur
352 4265 482 4358 partim
501 4266 676 4355 orationis,
707 4288 810 4358 quem
836 4265 871 4340 in
896 4261 1108 4356 Fragments
1129 4259 1255 4354 depre-
