2768 4838
367 321 421 373 aa
446 324 634 374 nourrro
660 325 805 379 nasso
829 318 985 378 roera.
1164 305 1243 379 259
1357 380 1361 389 ,

213 471 340 565 Hujus
353 475 602 566 epigrammatis
616 483 758 544 acumen
776 476 879 567 plane
890 477 1063 570 praeteriit
1082 499 1158 568 eos,
1183 482 1243 572 qni
1327 481 1330 485 ’

124 578 289 667 postremi
303 578 444 646 Distichi
462 601 595 647 sensnm
612 577 704 646 huno
724 602 799 647 esse
815 581 1005 650 voluerunt:
1031 581 1147 674 opicus
1166 586 1244 674 qui-

126 680 207 746 dem
229 702 298 746 non
321 703 379 747 ero
402 691 524 772 poeta,
566 680 627 748 sed
648 682 957 773 epigrammatious,
997 683 1026 752 si
1050 688 1243 756 muneribus

125 805 182 850 me
198 805 297 850 ornas
313 785 427 873 eisque
441 784 487 851 ad
498 782 712 853 scribendum
727 784 859 853 excitas.
910 785 982 855 Sed
995 785 1158 858 Martialis
1173 791 1244 859 siue

125 885 327 953 Maecenate
347 888 459 976 aliquo
481 896 531 955 tot
559 887 628 979 jam
660 888 838 979 scripserat
863 889 1125 980 epigrammata,
1162 903 1245 982 quot

124 988 230 1056 modo
251 998 407 1081 poterant
429 991 632 1081 exspectari,
665 999 817 1058 nectam
838 991 889 1057 ad
903 991 1032 1058 ludicra
1052 992 1138 1062 haec
1161 996 1245 1064 scri-

125 1090 239 1169 benda
261 1115 346 1183 opus
370 1093 400 1160 ei
422 1102 493 1160 erat
513 1092 732 1178 Maecenate,
773 1116 876 1183 quam
904 1092 950 1160 ad
975 1098 1246 1187 componendum

126 1216 281 1292 carngen,
309 1196 498 1287 cujusmodi
514 1205 587 1263 erat
609 1195 792 1288 Virgiliana
809 1197 943 1265 Aeneis.
995 1194 1115 1295 Itaque
1133 1201 1245 1290 perri-

125 1290 275 1364 diculnm
288 1307 338 1366 est
349 1299 490 1366 Heraldi
503 1308 671 1367 tentamen
686 1300 878 1390 reponentis
892 1297 1043 1368 Morcus
1056 1322 1122 1392 pro
1136 1301 1245 1371 Mar-

123 1422 187 1469 sae
210 1422 289 1485 ero,
314 1411 358 1496 ut
373 1424 488 1470 sensus
511 1402 572 1471 sit:
599 1401 821 1470 Marcusero
841 1401 1005 1469 Martialis
1031 1411 1066 1470 et
1080 1402 1159 1471 huic
1180 1414 1245 1473 no-

124 1504 207 1583 mini
221 1526 289 1570 non
302 1505 410 1572 minus
428 1504 625 1573 celebritatis
640 1504 842 1588 conciliabo,
866 1527 970 1594 quam
985 1505 1143 1597 Virgilius
1165 1508 1247 1576 olim

127 1607 314 1675 conciliavit
337 1631 408 1676 suo.
460 1607 502 1674 ld
528 1610 684 1699 profecto
706 1605 924 1699 perspicuum
952 1615 1021 1690 est,
1058 1607 1102 1676 de
1118 1609 1246 1678 ‘Marso

125 1711 190 1778 hic·
200 1733 389 1798 samonem
405 1733 478 1778 esse
490 1720 664 1800 tamquam
682 1711 726 1777 de
740 1719 843 1800 poeta
856 1711 970 1800 epico:
984 1709 1020 1776 id
1038 1711 1131 1807 quod
1146 1713 1247 1780 etiam

125 1837 158 1883 v.
175 1812 235 1880 21.
248 1815 418 1901 firmatur,
445 1835 513 1902 quo
535 1836 613 1879 cum
631 1814 673 1883 L.
697 1812 799 1881 Vario
819 1813 1040 1903 componitur.
1100 1813 1148 1882 Et
1168 1812 1247 1883 c'um

124 1917 304 2008 proposito
326 1915 458 2006 Virgilii
483 1916 638 2006 exemplo
662 1913 824 1982 Martialis
845 1914 972 1982 Flacco
997 1915 1096 1984 tacite
1117 1919 1246 2010 siguifi-

126 2028 253 2104 casset,
280 2041 316 2085 se
333 2040 470 2107 quoque
484 2026 518 2084 et
530 2018 617 2085 velle
632 2026 667 2086 et
679 2038 779 2109 posse
795 2017 936 2108 grandia
952 2039 1157 2110 componere
1171 2044 1247 2089 car-

80 2148 82 2155 ·
121 2112 237 2215 mina,
262 2120 366 2188 modo
390 2120 452 2188 sibi
476 2119 632 2213 obtingat
651 2119 836 2220 Maecenas
857 2119 1002 2188 liberalis
1012 2168 1037 2204 ,.
1048 2144 1092 2189 ne
1114 2132 1249 2215 poterat

125 2224 264 2315 quidem
279 2223 403 2310 Marsi,
428 2224 599 2312 tamquam
613 2222 878 2316 epigrammatioi
890 2231 1035 2313 poetae,
1056 2226 1249 2327 exemplum

125 2335 315 2417 'nomenque
328 2334 476 2419 ponere,
504 2327 583 2416 quin
603 2327 734 2394 sibimet
752 2327 827 2415 ipse
841 2325 984 2416 turpiter
1003 2323 1246 2399 adversaretur.
1355 2350 1372 2365 “·

127 2430 200 2499 Sed
225 2432 367 2515 veritus,
409 2453 453 2498 ne
478 2431 648 2497 mentione
668 2429 816 2521 Virgilii,
858 2430 961 2523 quem
982 2426 1069 2519 epici
1095 2431 1247 2500 carminis

127 2534 228 2601 laude
249 2536 395 2622 aequ'are
420 2556 456 2628 se
473 2534 560 2601 velle
576 2533 696 2618 innuit,
730 2530 823 2624 apud
838 2530 1001 2599 Flaccum
1019 2530 1249 2604 immodestiae
1340 2534 1358 2601 .’

127 2645 162 2704 et
186 2638 350 2704 vanitatis
364 2636 490 2735 crimen
508 2637 713 2721 incurreret,
744 2635 808 2722 ita,
841 2656 929 2725 quae
952 2633 1096 2722 dixerat,
1128 2648 1248 2730 argute

126 2741 310 2808 restrinxit:
342 2740 500 2831 Virgilius
525 2740 664 2829 quidem
684 2760 754 2807 uon
779 2759 856 2824 ero,
888 2734 949 2805 sed
980 2744 1093 2806 tamen
1113 2736 1248 2810 Marsus

127 2843 163 2910 h.
180 2866 209 2911 e.
233 2866 302 2910 non
316 2851 426 2927 tantus
441 2841 579 2933 quidem
598 2849 703 2936 poeta
725 2839 860 2934 epicuS‚
886 2848 1030 2931 quantus
1050 2841 1115 2912 fuit
1132 2840 1249 2937 Virgi-

126 3035 337 3058 ..u—-n-—n'

72 3186 79 3199 ,
128 3161 151 3196 e.
170 3139 440 3211 a.p.1o5.‚eoam
459 3138 601 3196 Passovius
617 3141 651 3196 ad
667 3139 753 3197 Persii
770 3141 827 3197 Sat.
843 3141 865 3197 1.
883 3158 910 3196 r.
928 3136 973 3194 66.
995 3144 1021 3208 p.
1039 3136 1100 3195 817.
1121 3167 1153 3215 -7
1174 3138 1255 3200 Verus

126 3214 172 3267 21.
190 3213 297 3280 reposui
316 3211 372 3265 sine
388 3213 561 3267 haesitatione
580 3213 674 3267 Varios
689 3229 737 3280 pro
758 3214 855 3279 Varus,
877 3213 988 3273 Verres,
1005 3208 1076 3276 quod
1091 3208 1250 3265 corausti

126 3282 249 3339 sollemni
273 3300 363 3335 errore
385 3283 507 3336 offerunt.
539 3282 729 3352 intelligendus
752 3287 792 3334 est
809 3281 841 3335 1..
863 3280 972 3343 Varias,
997 3295 1058 3331 eum
1081 3276 1141 3330 aliis
1163 3280 1250 3333 claras
1357 3280 1359 3288 '

128 3351 309 3417 oanninibus,
330 3357 387 3404 tum
405 3353 484 3405 etiam
504 3350 604 3418 epicis,
627 3366 747 3420 *quorum
773 3350 884 3403 rationo·
901 3354 962 3401 cunr
979 3345 1092 3416 Virgilio
1108 3346 1200 3401 multis
1214 3350 1250 3403 ab

126 3423 248 3490 Augusto
277 3421 431 3473 muneribus
462 3427 591 3475 mactatus
621 3420 843 3477 commemoratur
873 3421 907 3474 ab
924 3415 1039 3471 Horatio
1064 3415 1148 3480 Epist.
1165 3418 1199 3471 ll.
1223 3419 1250 3471 1.

127 3508 154 3542 v.
171 3488 252 3554 245„
275 3491 314 3542 ita
330 3497 360 3541 ut
376 3491 445 3542 inter
461 3492 548 3543 ditata
565 3498 656 3543 vatam
672 3490 784 3547 ‚uomina
808 3489 902 3543 merito
927 3489 984 3552 ejus
1004 3485 1154 3538 meminerit
1176 3486 1251 3540 Mar-

127 3559 207 3617 tialis.
241 3560 313 3611 Huic
339 3560 368 3611 la.
386 3559 550 3610 Variacum
576 3556 730 3628 adjungitur
752 3558 873 3624 Marsus,
896 3557 956 3610 inda
973 3554 1096 3626 primum
1118 3553 1251 3621 discimus,

127 3629 251 3681 eumdem
267 3645 350 3695 aeque
366 3645 400 3680 ae
417 3629 541 3691 Variam,
565 3621 880 3695 inMaeoemtiadoruo,
893 3633 935 3679 ,ut
950 3626 1065 3688 comtat,
1090 3620 1251 3692 gratiosissi-

127 3715 217 3764 mum,
241 3698 322 3762 hujus
340 3697 445 3764 patroni
462 3697 645 3750 familiaritate
663 3702 689 3750 at
712 3697 872 3751 liberalitate
888 3693 1011 3766 gavistun
1032 3709 1109 3747 osaea
1130 3693 1157 3745 id
1181 3695 1251 3762 quod
1322 3755 1325 3761 Ι

128 3775 187 3836 post
204 3783 228 3819 a.
246 3769 279 3819 U.
298 3767 328 3819 (l.
346 3766 406 3819 223.
430 3767 531 3819 factum
552 3767 713 3834 putabimus.
735 3765 789 3818 vid.
814 3771 838 3833 ς.
856 3767 884 3820 2.
919 3763 1018 3816 Deinde
1039 3761 1107 3815 sicut
1129 3763 1251 3833 Virgilio,

125 3837 259 3893 Aeneidos
279 3836 417 3902 scriptorl‚
443 3837 473 3889 L.
492 3836 604 3901 Varius,
626 3835 717 3905 apicus
733 3840 828 3907 poeta,
851 3833 974 3897 additur,
988 3830 1077 3901 ‘ituin
1094 3833 1185 3900 aprico
1203 3839 1251 3898 ast,

128 3914 237 3974 propter
252 3906 371 3970 ejusdem
388 3904 492 3972 generis
506 3904 632 3960 ¹earmina
654 3906 775 3961 Marsum
791 3905 845 3958 huo
861 3920 917 3967 essa
933 3902 1063 3958 rolatum.
1089 3902 1190 3970 alioqui
1206 3903 1252 3957 vix
1354 3951 1361 3962 ,

126 3976 287 4027 omittendas
304 3983 362 4027 erat
379 3974 521 4040 Horatius,
543 3974 619 4029 Varii
641 3974 761 4039 amicus,
782 3971 943 4028 Maecenatis
965 3969 1251 4034 liberalissimorum

128 4046 165 4097 of.
184 4045 255 4096 laibr.
274 4045 330 4096 illl.
348 4043 434 4115 epigr.
453 4043 480 4098 4.
515 4045 591 4109 Quod
608 4045 700 4097 Macco
722 4045 850 4114 Varioque
868 4042 940 4110 fuit,
964 4056 1113 4109 mutuae
1130 4042 1253 4103 Maronia

126 4115 270 4166 Maecenas
287 4116 375 4167 atavia
390 4114 497 4182 regibus
513 4122 584 4166 ortus
601 4130 687 4182 spuet.
703 4136 739 4159 -ο
756 4113 799 4166 Vs.
817 4113 861 4167 23.
880 4112 967 4178 placat
980 4109 1034 4162 ma.
1051 4110 1157 4163 Beverl.
1167 4100 1252 4164 lectio

127 4184 204 4252 Ergo
222 4201 272 4252 ego
289 4200 337 4250 pro
354 4201 413 4243 ero:
436 4182 561 4242 orationis
576 4184 707 4248 formam,
721 4181 758 4235 ‘ia
775 4192 828 4250 qu'a
842 4180 919 4250 prius.
930 4178 1080 4236 membrum
1097 4179 1252 4247 interrogat,
1313 4199 1317 4213 ·
1352 4185 1361 4195 “

128 4251 260 4321 posterius
277 4253 430 4321 respondet,
446 4252 548 4317 erudite
561 4251 833 4315 illustraritBaieraa
849 4251 885 4306 ad
900 4251 1011 4318 Fragm.
1027 4247 1163 4304 Ciceronis
1176 4247 1251 4303 Orat·

128 4338 170 4392 pr.
187 4321 281 4376 Tullio
297 4324 323 4388 §.
341 4322 386 4378 34.
403 4339 431 4391 p.
448 4318 510 4389 47.)
527 4338 580 4377 aon
597 4322 694 4379 omisso
710 4322 763 4378 ho'o
778 4320 909 4378 Martialis
925 4321 993 4373 loco.
1063 4368 1069 4380 ,

958 4390 1044 4462 Rz
