2768 4838
4 210 14 243 Ι

16 291 19 303 ·
133 259 216 333 teo
343 320 347 329 .
379 281 436 333 uu
461 282 495 333 c.
520 280 688 351 nauare
713 282 844 339 urana
867 282 1028 344 ronan

136 441 343 513 Passeratius
357 438 403 508 ad
417 439 573 532 Propert.
585 438 646 517 IV.
660 439 696 528 3,
712 435 774 509 52.
799 440 973 530 Denique,
989 438 1263 530 quomodoBar·

130 545 226 621 ,mins
239 567 313 614 voc.
332 545 458 613 indens
471 544 686 630 intellexerit,
713 566 791 611 cum
809 544 891 612 nihil
904 542 1089 630 addiderit,
1115 566 1185 613 non
1200 568 1263 615 ex-

135 658 238 742 puto:
266 670 500 738 quamnocem
517 646 715 715 mendosam
737 642 829 733 esse,
855 669 956 715 uerno
976 656 1027 715 est
1042 647 1125 736 quin
1137 648 1262 720 videat.

128 753 315 845 ,Praeclare
343 749 544 842 Rutgersius
567 749 646 818 Var.
668 749 765 823 Lect.
804 749 882 819 Lib.
904 749 945 819 V.
971 772 1001 818 c.
1024 749 1085 818 1⁰.
1112 772 1149 841 p.
1171 750 1260 824 487.

135 855 326 925 emendavit
353 855 491 923 luceru:
532 876 635 942 quam
663 853 905 931 correctionem
925 851 1006 944 jure
1033 854 1160 944 probat
1181 878 1260 923 cum

133 959 303 1028 Henuiuio
318 957 530 1025 Burmannus
554 955 600 1023 ad
619 955 721 1028 Ouid.
740 955 825 1025 Met.
848 958 891 1025 X
915 979 947 1024 v.
974 953 1061 1028 298.
1087 956 1131 1026 Τ.
1156 957 1200 1025 ll.
1222 981 1258 1051 p

134 1060 240 1148 712,
266 1063 301 1131 in
322 1075 431 1150 eaque
451 1060 600 1151 oportuit
623 1060 838 1149 acquiescere
858 1060 901 1128 N.
923 1059 1121 1146 Heinsium,
1154 1083 1259 1150 quem

132 1165 240 1234 undis
262 1164 400 1256 legitur
424 1172 588 1248 tentasse,
626 1170 721 1231 notat
742 1162 953 1231 Burmannus
984 1162 1062 1231 Sec.
1087 1162 1134 1230 ad
1152 1164 1257 1233 Antlu.

56 1310 61 1317 ·
131 1266 208 1338 Lat
221 1268 263 1336 L.
278 1267 319 1336 ll.
338 1290 395 1358 ep.
411 1265 496 1335 124.
521 1267 565 1339 T.
586 1265 613 1333 l.
636 1288 673 1357 p.
688 1264 794 1352 415,
820 1265 915 1356 quod
934 1266 1064 1334 Heinsii
1085 1275 1259 1337 tentamen

131 1360 253 1441 merito
267 1370 375 1462 rejicit
390 1370 542 1439 Haudius
559 1369 604 1436 ad
612 1368 776 1439 Gronovii
788 1370 892 1441 Diatr.
898 1369 982 1438 Stat
995 1390 1032 1459 p.
1049 1367 1138 1438 347.
1165 1371 1258 1439 Rut-

131 1473 236 1566 gersii
249 1473 518 1543 emendationem
532 1473 767 1563 improbarunt
786 1471 826 1541 C.
841 1472 1000 1541 Barthius
1016 1470 1063 1540 ad
1078 1462 1256 1549 Claudiani

131 1577 254 1671 Epigr.
275 1577 350 1645 XV.
372 1599 403 1644 v.
429 1575 463 1645 2.
483 1600 518 1669 p.
539 1574 649 1647 1⁰32.
670 1575 843 1668 vulgatam
859 1577 1121 1668 interpretatum.
1144 1576 1255 1665 „ludo

129 1680 267 1750 scilicet
285 1687 441 1755 naturae
465 1678 630 1772 insigni“
658 1686 694 1747 et
722 1678 937 1749 Sclurevelius
966 1681 1116 1770 itemque
1146 1703 1257 1773 nuper

14 1807 16 1813 ’
131 1782 333 1870 §ramerum
365 1782 446 1853 Juv.
466 1779 584 1854 Schol.
603 1779 745 1869 Editor,
764 1806 801 1875 p.
826 1779 912 1855 2⁰5.
949 1782 1044 1853 'haec
1074 1782 1256 1857 adnotansa

131 1885 299 1982 „Quodsi
312 1885 360 1955 de
373 1885 613 1975 chrystallinis
616 1883 765 1980 frigore
780 1883 1005 1979 insectisegit
1016 1885 1149 1974 Cinna,
1165 1887 1256 1959 nibil

131 2011 221 2083 opus
235 1996 459 2073 catenatum,
485 1989 556 2057 imo
570 1988 693 2081 magia
704 1989 886 2080 poeticum
901 1996 952 2059 est
974 1989 1129 2059 ludens.“
1162 1989 1255 2060 Cae-

128 2101 241 2163 terum
251 2092 281 2161 si
294 2092 352 2161 hic
364 2112 480 2161 versus
495 2113 539 2161 cx
554 2090 682 2185 Cinnae
694 2091 845 2182 Zmyrna
859 2093 1057 2187 desumptus
1073 2101 1135 2175 est,
1151 2094 1255 2185 quud,

128 2195 210 2265 licet
227 2219 298 2265 uon
322 2204 417 2266 certo
443 2203 588 2283 constet,
620 2203 733 2263 tamen
761 2195 843 2263 mihi
871 2196 972 2264 valde
993 2197 1172 2291 probabile
1194 2206 1255 2284 est,

127 2296 223 2377 baud
237 2300 307 2370 scio
324 2324 367 2369 an
382 2320 511 2383 nonen
532 2320 575 2367 eo
596 2298 683 2367 illius
705 2299 859 2367 carminis
876 2299 973 2387 loco,
998 2302 1034 2368 in
1055 2322 1125 2391 quo
1146 2299 1256 2371 Cinna

126 2400 309 2495 Myrrham
322 2404 465 2473 tinxerat
480 2403 521 2475 ,iu
537 2399 689 2471 desolato
705 2402 980 2472 obambulantem
998 2404 1097 2473 litore
1112 2405 1255 2473 amoris-

127 2528 197 2606 que
209 2507 456 2575 seelesucuns
479 2505 776 2595 contristatumque
798 2506 945 2574 animum
966 2508 1198 2577 consolantem
1219 2514 1256 2577 et

125 2608 281 2702 legendis
295 2609 418 2700 lapillis
429 2605 683 2676 distrahentem.
736 2608 809 2675 Sed
830 2609 996 2700 quidquid
1015 2620 1066 2679 est
1078 2609 1180 2702 hujus
1195 2633 1254 2679 sn-

126 2712 303 2804 spicionis,
328 2710 366 2780 id
378 2711 480 2781 velim
493 2711 672 2796 observes,
699 2733 801 2799 quam
813 2710 915 2781 docte
928 2721 1033 2805 poeta
1048 2713 1254 2803 crystallum,

126 2823 438 2906 etymouespecto,
471 2813 593 2883 dixern
614 2813 792 2883 imitatum
813 2815 928 2883 niues:
960 2839 1041 2885 uam
1061 2816 1187 2885 Plinius
1207 2817 1253 2889 H.

124 2917 170 2993 N.
190 2917 364 2987 XXXVII.
381 2916 417 2987 2.
434 2941 460 2987 s.
485 2917 545 2985 10.
568 2917 628 2986 aits
653 2939 724 2986 non
744 2916 841 2987 altat
854 2920 1044 3009 crystallus
1063 2921 1252 3013 reperitur,

126 3042 236 3115 quum
251 3018 312 3090 ubi
323 3021 482 3091 munima
496 3018 668 3091 nonnae
680 3022 778 3090 nives
793 3023 915 3115 rigent
931 3030 965 3091 et
976 3023 1139 3117 glucies,
1157 3023 1253 3092 unde

127 3133 162 3197 et
176 3147 301 3195 nomen
319 3123 457 3197 Gracci
470 3123 616 3199 dedere.
667 3122 723 3197 Ex
735 3124 806 3194 hoc
821 3148 1009 3220 cognoscas
1029 3127 1109 3196 licet
1123 3125 1253 3198 Cinnae

125 3227 316 3324 ingenium!

223 3378 286 3453 lv.
340 3377 512 3451 charisius
532 3374 574 3452 L.
597 3376 624 3448 l.
645 3402 682 3473 p.
702 3376 765 3450 73.
790 3388 825 3449 et
846 3378 933 3451 118.
964 3380 1020 3456 ed.
1042 3381 1181 3453 Putscb.
1208 3406 1251 3455 ex

124 3484 274 3579 Zmyrna
298 3492 450 3572 annotat,
482 3482 624 3552 Cinnam
646 3483 766 3553 dixisse
790 3478 892 3577 hujus
913 3483 1022 3575 tabis,
1050 3511 1128 3556 cnm
1149 3487 1251 3557 tabes

123 3589 328 3659 vocabulum
343 3589 385 3659 sit
400 3584 609 3685 cpluanrnv
630 3609 694 3655 uec
714 3588 776 3656 nisi
791 3584 1021 3677 Nominativo,
1046 3591 1250 3660 Accusativo

125 3701 160 3761 et
181 3693 340 3761 Ablativo
361 3693 512 3784 legatum
538 3689 602 3759 sed
622 3690 717 3759 latuit
740 3691 931 3776 charisium
948 3692 1067 3762 Celsus
1092 3693 1169 3763 Lib.
1189 3696 1249 3769 lll.

85 3876 89 3887 ι
124 3816 154 3865 e.
171 3793 232 3864 22.
288 3784 379 3865 Cum
400 3795 493 3866 baec
510 3796 661 3889 genera]
676 3792 770 3867 tubis
791 3795 872 3872 sint.
922 3797 1002 3866 Hoc
1022 3798 1250 3893 fragmentum

124 3898 236 3969 omisit
252 3898 457 3993 Stephanus.
1066 3892 1070 3901 ’
1323 3898 1336 3913 “

321 4099 374 4174 11
424 4094 783 4199 Propempticon
807 4100 1049 4176 Pollionis.

108 4330 143 4350 ..
230 4255 296 4335 u.
328 4254 1029 4361 toennensem.ln.1.p.as...1’.
1055 4218 1260 4361 antiae
