2768 4838
126 230 205 307 824
305 252 356 305 ns
379 252 588 323 oceanum
608 252 741 307 macer
762 252 1112 305 omanoramrmna.

52 486 57 497 Ι
128 405 246 498 spicue
268 400 437 473 doceant·
470 402 676 493 -Nnmqnm
704 401 795 473 enim
824 402 882 473 iiie
907 402 991 472 mibi
1011 401 1243 497 persuadebit,

127 517 266 601 poetam
280 506 369 575 Latii
382 506 517 599 epicum
537 530 559 575 a
571 506 732 575 Romanis
756 515 791 575 et
803 506 929 575 dictum
949 528 1022 575 esse
1037 515 1072 575 et
1091 507 1158 575 dici
1175 530 1244 599 po-

120 611 229 683 tuisse
248 610 430 701 cyclicum,
455 609 585 683 etiamsi
602 632 658 677 res
672 630 714 677 cx
728 608 1005 701 Cyclo-Trojano
1024 609 1244 701 depromptas

128 714 278 783 versibus
293 712 396 803 epicis
410 711 525 783 fuisset
546 722 753 804 persecutus.
803 713 850 781 Et
869 714 943 801 quis
969 713 1102 799 credat,
1127 713 1245 781 Hora-

127 817 211 886 tium
226 816 368 907 dignum
387 814 543 883 habuisse
564 814 755 904 Maeuium,
779 824 850 883 tam
871 816 1022 907 ineptum
1035 816 1245 885 versificato-

122 942 202 988 -rem
220 929 255 987 et
274 919 439 985 bonorum
464 927 643 1009 poetarum
669 920 949 1006 obtrectatorem,
991 918 1087 1011 cujus
1108 942 1245 987 carmen

107 1021 282 1114 epicum,
307 1020 458 1109 quamvis
478 1021 637 1089 insulsum
659 1031 763 1111 atque
782 1021 1047 1108 inconcinnum,¹
1069 1044 1147 1089 curn
1165 1022 1245 1089 Ho-

60 1175 62 1181 -
125 1125 213 1201 mari
234 1122 392 1213 Odyssea
412 1123 647 1209 contenderet,
672 1146 741 1213 quo
756 1124 874 1195 melius
892 1133 1077 1216 praecepta
1099 1123 1145 1193 da
1166 1146 1245 1193 car·

124 1228 225 1299 urinis
243 1226 331 1317 epici
345 1225 502 1312 exordio,
529 1250 550 1293 a
564 1248 634 1316 quo
656 1229 757 1295 totius
773 1226 1017 1318 opatnsorma
1040 1227 1192 1318 pendeat:
1209 1236 1245 1295 et

18 1392 22 1401 .
128 1329 323 1421 descriptio,
341 1329 557 1399 adnecteret?
583 1328 655 1399 Sed
663 1330 830 1399 mittamus
846 1331 1024 1398 mirificum
1036 1330 1127 1399 istud
1134 1330 1244 1399 Hein-

127 1435 167 1503 sii
183 1441 426 1513 commentum,
454 1431 549 1523 cqjus
571 1432 597 1500 si
620 1455 688 1522 qna
712 1428 900 1524 est‘ingenii
922 1443 956 1503 et
980 1434 1140 1501 acuminis
1159 1432 1244 1518 laus,

126 1560 171 1613 ns
188 1542 310 1627 potest
328 1533 466 1623 quidem
485 1535 532 1603 iili
558 1535 671 1626 primo
696 1536 866 1626 impertiri.
927 1538 1017 1627 Nam
1046 1537 1158 1605 tribus.
1167 1535 1244 1628 jam

123 1628 277 1723 saeculis'
292 1647 369 1705 ante
388 1660 466 1713 eum
485 1638 611 1705 Alanus
633 1639 677 1705 ab
702 1638 819 1711 lusulis
836 1640 872 1705 in
891 1640 1147 1709 Anticlaudiuuo
1173 1640 1243 1709 sive

126 1742 174 1811 de
191 1740 346 1833 perfecto
364 1740 436 1809 viro
451 1739 544 1833 Libr.
558 1740 584 1809 1.
599 1764 631 1811 r.
644 1738 705 1809 tto.
719 1743 914 1833 scripserata
973 1768 976 1773 ·

179 1842 263 1912 Illic
278 1865 440 1934 pannoso
449 1841 622 1935 plebescit
635 1845 795 1913 carmine
808 1852 927 1913 noster
1239 1926 1245 1937 ,

178 1944 334 2031 Ericinio,
362 1944 728 2039 'etPrr'unir'Jortunns
742 1947 963 2021 ornatitiis
1038 1990 1049 2021 ·.
1103 1968 1106 1975 '

174 2046 364 2132 Maeuius,
384 2047 422 2119 in
437 2048 544 2117 coetis
557 2049 695 2120 ondeta
709 2073 749 2121 os
761 2072 893 2143 ponere
911 2056 1058 2140 mnium,
1080 2086 1084 2097 ·
1102 2064 1106 2073 ·
1172 2064 1177 2075 ·

64 2180 69 2185 ·
128 2192 133 2223 .-
165 2150 299 2223 Gesta
339 2150 442 2222 ducis
481 2150 682 2223 Manedum
719 2152 832 2245 (sici.)
866 2152 1041 2223 tenebrosi
1077 2148 1246 2219 caminis

126 2272 131 2277 ·
481 2318 484 2323 .
706 2255 836 2325 umbra

129 2412 134 2419 .
155 2428 158 2433 ,
175 2356 339 2451 Pingere
350 2354 437 2425 darn
454 2363 583 2445 tentat,
608 2357 645 2427 in
651 2360 773 2450 primo
786 2358 905 2429 tintine
911 2357 1038 2453 sessus

178 2459 336 2546 Haeret,
361 2467 395 2528 et
408 2460 584 2552 ignavam
597 2462 757 2552 queritur
771 2470 971 2555 torpescere
983 2460 1140 2531 Musam.

126 2563 226 2635 Alani
242 2563 344 2647 istius,
361 2562 417 2651 qui
431 2573 556 2655 apost
573 2562 655 2635 Chr.-
670 2558 827 2635 altos.
843 2576 991 2634 mortuus
1010 2572 1070 2649 est,
1096 2558 1247 2629 meminit

80 2708 83 2715 ·
128 2666 230 2735 etiarn
248 2665 290 2733 L.
314 2664 489 2755 Gyraidus,
507 2665 552 2734 de
570 2666 666 2735 Poet.
681 2666 767 2736 Hist.
791 2667 878 2736 Diai.
901 2669 958 2737 lv.
982 2690 1017 2759 p.
1036 2660 1120 2734 156.
1144 2662 1188 2731 T.
1202 2661 1245 2732 11.

128 2766 235 2861 opp..
252 2776 287 2836 et
310 2766 353 2835 ab
375 2768 494 2847 Aiane,
508 2778 576 2837 nnn
605 2768 716 2861 ipsum
740 2769 913 2839 Maesium
937 2770 1148 2851 Romanurn,
1183 2760 1246 2833 sed

125 2872 229 2939 alium
247 2879 410 2963 poetam,
427 2870 514 2939 Pbii.
530 2871 783 2960 Gualtberiunr‚
809 2874 867 2963 qni
882 2896 1017 2941 carmen
1034 2871 1078 2938 de
1095 2870 1245 2938 Alexan·

124 2972 182 3043 'dri
196 2972 246 3042 Μ
260 2972 364 3066 gestis
379 2966 526 3065 scripsit,
551 2972 678 3043 Maeuii
693 2978 828 3045 nourirre
843 2976 1026 3068 perstringi
1041 2972 1244 3064 suspicaturi

129 3099 198 3169 qua
219 3076 265 3144 de
288 3098 405 3144 caussa
424 3075 580 3145 Heinsius
600 3077 755 3168 Gyraido
770 3089 944 3147 succenset
965 3080 1186 3163 miraturque,
1212 3071 1246 3139 ei

126 3192 197 3271 non
213 3178 414 3247 succurrisse
434 3178 566 3247 Horatii
586 3180 717 3269 locum,
741 3204 844 3272 quern
866 3205 944 3251 cum
967 3182 1089 3250 Giossa
1110 3186 1176 3245 vet.
1199 3174 1245 3243 de

127 3282 284 3371 Maeuio,
310 3282 397 3350 iliius
412 3304 529 3351 versus
543 3283 726 3377 scriptore,
750 3284 960 3354 hauddubie
974 3286 1020 3354 ob
1043 3282 1158 3350 oculos
1179 3278 1246 3346 ha·
1290 3334 1294 3339 .

129 3386 240 3455 buerit
255 3380 399 3453 Alanus!
679 3466 682 3473 Ι
799 3406 802 3411 ·

230 3485 386 3556 Maevius
400 3486 567 3577 inquibus
581 3488 765 3557 carminum
779 3489 982 3583 argumentis
996 3486 1246 3581 generibusque

95 3638 97 3643 ·
114 3598 265 3685 *praeter
278 3614 337 3676 ea,
362 3611 450 3680 quae
465 3584 501 3683 §.
514 3586 554 3685 ii.
570 3590 763 3682 conjectura
776 3592 868 3660 ducti
880 3591 1096 3685 protulimus,
1116 3586 1248 3681 ingenii

131 3694 182 3761 sui
203 3694 289 3761 vires
315 3693 519 3784 periclitatus
548 3693 607 3778 sit,
646 3695 748 3785 plane
786 3696 970 3787 ignoratur.
1039 3696 1128 3762 Nam
1151 3687 1247 3780 quod

131 3794 274 3865 Jahnins
290 3794 335 3862 ad
348 3795 479 3864 Horatii
493 3794 606 3886 Epod.
621 3796 664 3864 X.
686 3821 722 3889 p.
739 3796 824 3865 247.
845 3799 966 3883 refert,
993 3796 1162 3865 aMaevio
1183 3793 1248 3859 tri-

125 3886 277 3990 umphos
299 3896 452 3967 Caesaris
472 3899 569 3966 maiis
590 3899 741 3970 versibus
767 3901 834 3968 diei
862 3900 1069 3992 descriptos,
1096 3898 1168 3990 ejus
1197 3894 1250 3964 rei

132 4010 250 4069 auctor
274 3999 356 4068 mihi
377 4001 528 4091 quamvis
558 4004 732 4090 quaerenti
759 4004 910 4081 no'ndum
941 4005 1094 4071 occurrit.
1153 3999 1248 4068 Nihil

119 4103 315 4173 carminum
327 4125 389 4171 seu
404 4126 561 4173 versuum
571 4103 826 4175 Macrianorum
841 4117 984 4175 aetatem
998 4115 1144 4174 nostram
1156 4103 1249 4172 tulit:

132 4222 235 4301 quam
241 4204 412 4307 jacturam
423 4202 585 4303 profecto
597 4230 666 4277 non
681 4215 731 4280 cst
752 4210 845 4312 quod
860 4232 1069 4306 magnopere
1086 4208 1251 4302 deplore-
