2768 4838
354 281 411 332 ur
436 281 469 334 o.
494 276 664 332 usurto
691 283 820 333 orara
843 248 1005 338 ronan.
1171 261 1249 339 155

125 454 234 526 genus
249 431 463 520 occubuerit,
488 440 658 521 notarent,
674 434 827 523 quamvis
840 432 941 521 illud,
962 442 1001 502 ut
1012 433 1249 527 tristissimum,
1349 458 1352 465 ¹

123 537 172 606 ita
193 544 382 606 memoratu
405 535 635 628 dignissimum
658 536 768 606 luerit
817 536 1000 606 Enimvero
1020 539 1074 607 isti
1093 539 1248 612 homines

125 640 231 708 uerba
249 639 380 731 potius,
413 662 518 731 quam
538 662 594 710 res
616 641 796 729 curabant,
826 642 891 710 nisi·
913 641 1004 711 forte
1023 641 1069 711 do
1090 642 1249 715 bidustria

124 743 209 812 clari
224 742 288 813 viri
297 742 401 812 uitam
415 752 451 812 et
464 743 555 813 facta
570 745 770 814 scribebant

634 890 671 994 ς.
710 894 745 965 a.

126 1086 129 1092 .
229 1025 320 1099 Cum
340 1029 445 1124 igitur
469 1020 694 1103 certissimum>
713 1030 772 1119 sit,
807 1028 967 1119 Cinnam,
992 1053 1096 1120 quem
1113 1031 1249 1101 Plutar-

124 1128 209 1201 chus
230 1129 421 1228 ποιητικόν
443 1133 561 1232 ἄνδρα
584 1134 752 1223 nominet,
778 1156 851 1203 esse
871 1134 1042 1203 tribunum
1054 1136 1164 1227 plebis
1185 1159 1250 1229 per

122 1234 264 1305 nominis
282 1258 431 1306 errorem
446 1263 467 1307 a
483 1240 651 1308 concitato
669 1238 801 1331 populo
817 1237 1052 1325 dilaceratum,
1078 1238 1160 1306 nihil
1182 1238 1248 1307 ob·

124 1345 244 1426 staret,
259 1359 339 1432 ‘quo
354 1342 462 1410 minus
478 1342 521 1412 de
534 1351 654 1436 poeta,
682 1340 806 1409 Catulli
822 1342 948 1427 amico,
974 1342 1160 1434 cogitares,
1185 1342 1247 1410 nisi

123 1441 220 1509 nobis
241 1439 507 1537 Chronologiam
530 1445 761 1539 reputantibus
778 1444 996 1535 gravissimae
1018 1444 1248 1512 suborirentur

122 1542 349 1617 difficultates.
414 1548 551 1617 Etenim
574 1548 657 1616 scita
679 1545 865 1615 admodum
886 1556 936 1615 est
955 1547 1073 1615 Vossii·
1089 1546 1246 1638 suspicio,

122 1646 399 1740 Propempticon
413 1637 600 1740 Pollionis,
627 1649 721 1740 quod
742 1650 829 1718 inter
850 1648 978 1718 Cinnae
991 1658 1151 1741 poemata
1169 1672 1245 1718 rne-

122 1759 273 1819 moratur
289 1752 376 1841 (vid.
393 1752 480 1847 Cap.
494 1755 554 1830 111.
570 1755 614 1824 Ν.
631 1753 705 1843 ln),
727 1753 771 1820 ab
787 1776 829 1820 eo
844 1752 946 1821 fuisse
960 1753 1140 1845 scriptum,
1166 1774 1245 1820 cum
1339 1798 1343 1823 t

121 1852 249 1940 Pollio,
287 1855 426 1924 Antonii
445 1858 564 1949 jussu,
597 1855 757 1925 adversus
779 1854 975 1943 ParthinoS,
1020 1855 1245 1925 Dalmaticam

120 1964 269 2048 gentem
286 1957 438 2027 ferocem
458 1970 493 2030 et
514 1959 612 2029 Bruti
634 1980 772 2027 caussae
795 1957 913 2027 eximie
939 1958 1125 2047 laventem,
1167 1981 1246 2027 cum
1358 1983 1361 1987 ·

122 2059 269 2143 exercitu
289 2062 562 2153 proficisceretur
585 2086 616 2131 a.
639 2060 685 2134 U.
706 2059 750 2135 C.
772 2058 872 2149 714,
893 2083 962 2152 quo
983 2084 1073 2130 anno
1096 2063 1198 2131 ctiam
1223 2084 1246 2129 a

14 2240 17 2247 ἱ
122 2158 264 2254 Vngilio
278 2162 447 2257 Eclogam
460 2164 551 2235 Vlll.
567 2175 738 2235 exaratam
751 2164 870 2253 fuisse,
895 2164 1079 2256 probabilis
1100 2174 1152 2235 est
1169 2162 1244 2235 W.

121 2263 197 2336 bl).
213 2266 327 2358 opinio
349 2268 398 2360 ὅ).
450 2267 505 2338 Ex
518 2268 585 2338 hac
604 2267 834 2360 expeditione,
859 2268 961 2335 rebus
975 2267 1116 2336 feliciter
1129 2265 1244 2360 gestis,
1348 2296 1350 2301 ’

120 2366 229 2437 Pollio
256 2368 365 2438 redux
384 2370 494 2440 factus
521 2395 576 2440 an.
600 2367 686 2441 715.
711 2368 929 2462 triumphavit
957 2377 992 2438 et
1014 2369 1058 2438 de
1080 2369 1244 2438 manubiis
1361 2456 1365 2463 ἡ

120 2469 247 2561 primus
263 2472 435 2565 publicam
449 2476 583 2544 Romae
599 2473 751 2543 instruxit
771 2472 1013 2543 bibliothecam
1025 2473 1061 2541 in
1081 2462 1165 2541 atrio
1180 2472 1245 2541 Li-

25 2590 30 2596 ·
121 2573 275 2644 bertatis:
301 2569 494 2647 cf.Masson
506 2578 542 2647 in
555 2578 620 2652 vit.
630 2577 763 2647 Horatii
778 2600 815 2670 p.
833 2574 885 2644 90
899 2600 973 2668 sqq.
989 2575 1030 2644 01.
1043 2599 1078 2668 p.
1095 2573 1195 2644 loos
1221 2624 1243 2663 ,

121 2675 233 2769 intpp.
251 2676 297 2746 ad
318 2679 458 2749 Sueten.
482 2677 732 2751 00101029.
756 2691 791 2750 01
812 2677 913 2749 Ouid.
935 2679 1037 2749 Trist
1054 2678 1115 2747 Ill.
1136 2597 1265 2781 Elll..
1332 2673 1335 2676 ’

120 2788 153 2847 t.
171 2778 220 2849 tl
245 2803 320 2871 sqq.
387 2782 476 2853 Cum
497 2796 610 2853 autem
631 2782 801 2864 Catullus,
840 2781 935 2873 quod
957 2804 1000 2851 ex
1030 2780 1143 2853 Carm.
1164 2779 1243 2869 xli,

72 2908 88 2937 r
119 2904 152 2948 v.
166 2880 225 2950 6-
238 2880 274 2952 9.
288 2884 402 2977 colligi
417 2886 514 2974 licet,
534 2886 650 2978 magni
664 2887 793 2954 faceret
808 2908 989 2977 carumque
1003 2884 1146 2953 haberet
1159 2884 1243 2952 Pol-

119 2985 261 3073 lionem,
286 2987 387 3056 facile
409 2989 484 3058 fieri
503 2997 655 3083 poterat,
681 2997 719 3057 ut
740 2990 841 3058 etiam
858 2987 985 3075 Cinna,
1012 2986 1135 3056 Catulli
1158 3010 1242 3055 con·
1339 3012 1341 3019 ’

31 3150 34 3156 .
119 3090 222 3164 sartio
238 3098 273 3160 et
287 3091 431 3160 amicitia
446 3115 543 3180 usus,
568 3093 732 3187 ingeniosi
752 3093 838 3161 illius
853 3091 915 3170 riri
936 3090 1096 3181 doctique
1118 3097 1242 3183 poetae
1338 3099 1368 3183 J

119 3214 235 3262 amore
256 3204 435 3286 caperetur
455 3197 574 3288 eique,
603 3195 764 3266 adversus
777 3194 956 3265 Parthinos
973 3193 1109 3269 ducenti
1130 3191 1242 3284 legio·

119 3317 197 3384 nos,
214 3296 332 3366 'fausta
346 3300 482 3389 quaevis
496 3309 717 3392 apprecatus,
741 3298 937 3367 nominatim
949 3297 1120 3389 ingentem
1138 3317 1242 3388 prae-

119 3397 185 3471 dae
200 3421 376 3491 opumque
390 3404 460 3471 vim
474 3411 714 3496 augurareturz
735 3401 829 3495 quod
842 3424 885 3471 ex
897 3399 1035 3470 residuo
1054 3399 1140 3466 illius
1153 3419 1243 3490 poe-

118 3502 219 3570 matis·
227 3504 420 3598 fragmento
433 3506 528 3575 haud
543 3515 671 3576 temere
684 3504 904 3574 concluditur.
955 3502 1085 3573 verum
1105 3500 1198 3572 haec.
1215 3500 1244 3570 si

118 3629 140 3672 a
153 3605 272 3675 Vossio
286 3609 455 3700 probabili
469 3609 573 3678 modo
591 3609 759 3703 disputata
775 3617 867 3696 sunt,
892 3606 927 3674 in
940 3615 1103 3699 promptu
1120 3612 1173 3674 est
1189 3602 1243 3672 vi-

23 3702 25 3707 ’
118 3707 217 3796 dere,
251 3709 413 3800 Cinnam,
455 3712 557 3807 hujus
579 3711 811 3806 Propemptici
838 3717 1028 3798 auctorem,
1068 3731 1137 3777 non
1168 3730 1244 3776 esse

117 3834 219 3905 posse
231 3813 326 3884 illum
338 3815 507 3888 tribunum
519 3817 630 3914 plebis
642 3817 678 3888 in
699 3816 817 3890 funem
836 3811 1010 3902 Caesaris,
1033 3810 1136 3907 igitur
1154 3833 1242 3903 qua-

119 3980 331 4006 m!

185 4079 218 4152 5)
251 4084 311 4137 Viri.
325 4081 441 4153 Hegetor
459 4080 488 4136 in
499 4081 607 4154 Virgilii
621 4081 684 4137 Vita
699 4100 728 4206 g.
741 4097 802 4136 anu.
817 4079 913 4165 digest
931 4094 974 4135 au.
988 4076 1078 4141 tlte,
1087 4074 1116 4131 lu
1129 4075 1244 4162 Argmq

116 4149 152 4202 erl
165 4151 260 4221 Eulog.
275 4154 350 4219 vlit,
370 4160 397 4208 et
412 4154 445 4206 ad
457 4155 542 4217 ejusd.
557 4155 650 4238 Eulog.
666 4170 691 4206 v.
718 4170 742 4216 ,ς
759 4151 891 4236 impurum
908 4157 997 4204 autem
1010 4148 1078 4203 Ml.
1089 4147 1243 4200 1110010010

117 4220 263 4345 Corplmant.
280 4225 313 4278 ric
326 4225 356 4279 C.
371 4223 455 4279 Asinii
467 4224 594 4279 Pollionis
609 4226 671 4278 vna
683 4229 710 4276 at
721 4223 823 4277 studim
829 4218 979 4277 Doctrinae.
990 4217 1076 4289 bugd.
1092 4212 1241 4270 liat-182⁰.

117 4307 141 4356 r·
205 4308 261 4360 ur·
687 4328 689 4343 ·
