2768 4838
74 212 77 219 ¹
157 228 236 303 m
338 248 390 303 ιιι
410 250 445 319 o.
470 248 617 301 aoasrn
640 246 770 301 rancor
792 232 1187 301 armacannonmus.'

158 398 433 527 prpnaoiiuadis
439 397 585 495 subulis
599 396 727 495 motu
740 398 909 484 Pollioni,
935 420 1044 491 φιαιιι
1059 395 1175 467 Bauio
1186 395 1278 492 sirit.-

161 508 221 598 qui
233 515 346 575 muron
359 504 454 573 locus
467 503 568 573 valde
587 490 764 594 conuptus
784 513 852 589 est,
877 512 915 571 ut
938 501 1053 569 docuit
1064 502 1279 570 Burmannus

161 608 207 678 ad
219 608 351 701 Virgilii
364 606 487 719 Bciog.
510 604 569 676 ill
586 628 618 674 v.
646 603 708 674 33.
728 613 764 675 et
781 552 864 673 milii
888 625 1025 696 quoque
1047 604 1186 673 duratus
1209 627 1281 672 non

161 712 234 783 uiue
254 710 380 804 mugna'
399 709 545 779 veritatis
569 708 683 801 specie
711 730 777 801 pro
797 706 914 777 Bovio
938 705 1123 798 conjecisse
1146 705 1282 775 videtur

161 812 345 886 Ambivio.
370 812 496 901 dequo
510 811 701 880 fabularum
714 820 845 902 actore,
860 811 902 885 L.
919 810 1077 880 Ambivio
1090 810 1281 902 Turpione,
1375 862 1381 873 .

162 915 285 988 videsis
298 915 411 1008 lntpp.
432 913 478 984 ad
496 912 606 986 Cicer.
622 913 656 985 d
671 914 805 986 Senect.
821 937 851 986 c.
873 911 935 987 14.
958 922 993 982 et
1012 914 1114 985 Auct.
1134 914 1222 983 Dial.
1244 913 1280 983 d.

163 1018 275 1090 Oratt
294 1042 323 1089 c.
339 1018 400 1089 23.
1283 1022 1288 1035 ”

265 1120 431 1192 Maevius
447 1118 521 1211 qais
541 1117 664 1211 fuerit,
687 1119 797 1214 magis
820 1120 921 1190 etiarn
941 1119 975 1188 in
997 1115 1141 1187 obscuro
1157 1126 1227 1205 est,
1253 1118 1285 1187 si

163 1224 301 1317 quidem
314 1245 415 1293 nemo
428 1231 597 1311 veterum,
615 1233 751 1317 praeter
762 1224 941 1316 Virgilium
956 1231 990 1290 ct
1001 1220 1191 1307 Horatium,
1207 1219 1282 1312 ejus

94 1364 100 1379 ι
163 1329 367 1397 mentionem
385 1325 476 1397 fecit.
527 1324 627 1396 Unus
639 1325 854 1420 Porphyrion
878 1325 923 1394 ad
938 1323 1070 1394 Horatii
1098 1325 1169 1393 Sat.
1185 1325 1282 1393 Libr.

163 1432 207 1501 ιι.
219 1429 259 1499 3.
276 1452 308 1498 r.
323 1429 411 1500 233.
432 1428 552 1513 refert,
577 1429 668 1497 hunc
689 1429 862 1500 Maeuium
883 1438 1023 1522 poetam
1035 1428 1213 1548 scripsisse
1237 1427 1284 1499 do

162 1532 234 1604 fflio
247 1531 397 1626 Aesopi,
410 1531 566 1625 tragoedi
584 1532 795 1621 nobilissimi,
822 1541 857 1600 et
870 1529 1044 1600 luxuria'
1013 1553 1103 1621 eJus,
1129 1552 1230 1620 quem
1248 1541 1284 1599 et

162 1637 275 1731 ipsum
297 1635 472 1727 Aesopum
494 1635 661 1727 appellat,
697 1658 776 1704 cum
801 1644 913 1704 nmen
944 1633 1083 1717 Clodius
1106 1632 1236 1701 dicatur
1261 1657 1284 1701 a

127 1742 131 1761 ¹·
163 1738 340 1810 Plinio-H.
362 1738 406 1808 Ν.
434 1737 528 1810 Libr.
544 1737 609 1808 DL
631 1759 662 1807 c.
683 1734 746 1811 53.
784 1738 880 1808 Alius
901 1737 1038 1828 quidam
1062 1736 1258 1805 Maeuius
1247 1759 1284 1804 ιιι
1368 1789 1371 1793 .

163 1840 325 1911 Pandect.
347 1840 474 1912 xxrss.
491 1838 526 1908 l.
549 1837 611 1910 tu
629 1850 712 1911 extr.
736 1851 770 1911 et
793 1841 832 1910 ιἰ.
858 1839 1024 1909 Maeuius
1042 1838 1283 1932 Epictetuoin

164 1944 320 2035 inscript.
336 1966 391 2036 ap.
408 1943 544 2013 Gruter.
557 1968 595 2034 p.
609 1942 746 2014 cclv.
760 1944 795 2014 3.
820 1954 1058 2015 memorantur.
1083 1941 1173 2011 lilius
1188 1941 1284 2034 apud

164 2055 318 2140 posteros
333 2046 445 2114 famae
457 2047 570 2114 nescio
584 2045 698 2114 dicam
713 2070 755 2115 an
769 2045 925 2116 infamiae
933 2048 1011 2116 satis
1028 2044 1192 2114 consuluit
1204 2067 1285 2112 cum

164 2148 345 2242 Virgilius,
378 2155 451 2217 tum
474 2149 622 2220 maxime
643 2148 813 2220 Horatius.
881 2150 928 2221 At
950 2149 1084 2218 videtur
1105 2149 1206 2217 etiam
1226 2149 1285 2216 ille

62 2264 65 2273 '
166 2254 246 2326 cuni
259 2250 368 2322 Bauio
384 2251 580 2345 conjunctus
594 2253 692 2323 sociis
710 2255 805 2345 quasi
824 2254 924 2322 arnus
946 2254 1161 2346 impugnasse
1181 2251 1285 2321 nobi-

164 2355 266 2427 liores
286 2363 423 2448 poetas:
455 2358 537 2453 narn,
555 2356 692 2425 Servius
716 2357 761 2425 ad
776 2357 906 2449 Virgilii
931 2355 1062 2449 Georg.
1086 2354 1225 2424 Libr.·l.
1246 2376 1281 2423 r.

18 2494 21 2499 ·
166 2455 254 2528 21⁰.
279 2457 537 2528 aesitaberdeo
554 2459 692 2552 campis
705 2459 792 2529 haec
809 2460 998 2539 adnotavit:
1021 2456 1145 2549 „Suae
1158 2478 1285 2550 repre-

166 2560 297 2631 omas
315 2560 489 2655 Wrgiiius
500 2561 632 2630 dicitur
645 2585 670 2632 a
683 2562 800 2632 Bauio
813 2569 847 2631 et
862 2561 1007 2633 Maeuio
1023 2561 1091 2631 boc
1103 2582 1228 2631 ιιιιιιιι

155 2732 164 2751 ‚
218 2662 372 2733 Hordeo
396 2664 458 2756 qui
482 2663 591 2752 dixit,
616 2673 777 2759 superest
797 2672 838 2734 ιιι
862 2666 984 2737 triticu
1009 2664 1143 2734 dicut.“

167 2762 208 2835 ιιι
228 2765 296 2833 hac
320 2766 428 2837 Servii
448 2767 663 2838 adnotatione
682 2769 804 2838 mirum
823 2791 880 2838 me
898 2767 1020 2856 habet,
1046 2768 1139 2858 quod
1160 2766 1288 2836 Bavius

168 2877 202 2938 et
215 2865 370 2939 Maevius
393 2869 546 2964 ejusdem
560 2895 674 2942 versus
695 2882 818 2942 auctor·
835 2872 973 2941 dicatur.
1025 2871 1066 2939 ld
1091 2894 1159 2962 quo
1182 2880 1288 2964 pacto

166 2973 317 3066 potuerit
330 2972 420 3060 fleri,
446 2996 515 3042 non
528 2984 673 3066 exputo,
698 2976 760 3045 nisi
776 2976 865 3044 forte
883 2975 930 3043 illi
950 2976 990 3044 iri
1006 2974 1094 3042 libro
1117 2972 1290 3042 communi

65 3142 67 3147 ,
167 3097 275 3167 opera
304 3076 430 3168 scripto
457 3077 555 3145 istam
575 3077 726 3147 dictionis
759 3078 964 3170 Virgilianae
989 3077 1289 3170 reprehensionem

160 3189 440 3270 ‘proposuerunta
466 3179 559 3270 quod
576 3180 658 3249 mihi
677 3171 786 3250 minus
799 3182 938 3273 placere
958 3182 1076 3250 fateor.
1129 3179 1290 3249 Fortasse

168 3287 319 3373 praestat
340 3282 518 3374 auspicari,
550 3291 573 3352 'a
596 3285 715 3355 Servio
738 3283 899 3377 scriptum
922 3307 1012 3354 esset
1039 3307 1064 3352 a
1085 3284 1203 3352 Bauio
1222 3290 1291 3352 aar

168 3380 334 3470 Maeuio,
360 3386 489 3479 quippe
503 3386 561 3477 qui
575 3387 766 3480 ignoraret,
791 3388 836 3456 ab
850 3398 927 3456 utro
948 3389 1012 3456 iste
1033 3410 1149 3456 versus
1176 3387 1218 3453 sit
1232 3386 1290 3454 ia-

76 3534 81 3541 ·
170 3493 253 3557 ctus.
304 3486 385 3557 Huc
404 3488 552 3580 accedit,
588 3490 682 3583 quod
704 3489 887 3561 Cledonius
909 3491 1002 3584 apud
1031 3489 1228 3560 Putschium
1248 3512 1287 3580 p.

170 3585 286 3658 1838.
311 3615 389 3660 eum
415 3591 595 3662 Cornificio
620 3593 742 3678 Gallo,
775 3604 899 3686 poetae
921 3595 1073 3682 cuidam,
1091 3593 1289 3679 adscribat,

170 3713 272 3781 quem
285 3693 497 3765 Burmannus
512 3695 558 3765 ad
575 3694 688 3767 Ovidii
709 3696 810 3765 Trist.
834 3697 928 3765 Libr.
942 3697 1038 3766 Ιι.“ν.
1056 3695 1166 3783 433,
1200 3695 1290 3763 Ser-

170 3793 287 3862 uianae
302 3797 479 3868 immemor
493 3808 611 3887 notae,
637 3804 770 3870 secutus
792 3808 851 3870 est
863 3866 867 3873 ,
878 3801 1094 3893 Spaldingius
1115 3800 1160 3867 ad
1176 3798 1289 3883 Quin·

171 3895 272 3964 tiliani
289 3899 314 3971 ι.
332 3899 393 3971 Or.
408 3902 500 3971 Libr.
516 3897 590 3974 [5.
607 3898 641 3998 δ.
658 3902 720 3973 38.
739 3903 893 3995 opinatus
909 3927 974 3996 pro
991 3903 1174 3974 Cornificio
1185 3901 1290 3969 Gallo

172 3999 437 4073 substituendum
468 4028 541 4075 esse
576 4007 776 4077 Cornelium
804 4006 972 4095 Gaii-om,
1008 4005 1291 4097 Forojuliensem,

170 4111 307 4194 pectam
338 4104 477 4176 doctum
508 4118 543 4178 et
566 4110 703 4204 Virgilii·
726 4111 887 4198 amicum,
942 4111 1017 4204 ipse
1043 4119 1155 4179 tamen
1177 4108 1293 4196 sensit,

171 4217 332 4301 quautam
353 4208 587 4304 hujuscemodi
606 4215 714 4285 irrisio
733 4238 754 4284 a
773 4223 897 4308 poetae
914 4227 949 4285 et
974 4215 1071 4285 amici
1091 4215 1203 4282 animo
1224 4214 1309 4293 abr
