2768 4838
151 256 227 333 11⁰
384 279 447 333 uu
471 279 504 330 c.
530 281 699 331 urcruro
725 281 872 331 ouuuo
897 284 1057 337 roura.

147 442 230 527 snt,
258 435 393 525 Pollio,
425 436 576 506 muitum
598 445 682 506 unte
700 438 941 529 quaestorium
966 458 1085 506 menes
1112 444 1267 505 aetutem
1351 516 1355 523 ¹

147 542 368 637 fflcmssimu
379 536 525 633 judicia
544 536 782 633 emepenuu.
834 540 950 625 Quum
971 538 1211 623 Quintilianum
1233 549 1268 609 et

147 648 333 718 Auctorem
352 645 439 713 illius
463 643 601 735 Dialogi
622 643 758 711 minime
779 641 918 711 definite
938 642 1032 733 loqui
1054 645 1268 713 manifestum
1312 680 1318 715 .-

135 751 208 835 sit,
228 747 380 815 dubitari
401 747 503 815 etiam
520 746 618 832 licet,
649 768 694 813 au
713 745 849 837 Lipsius
870 747 905 814 in
927 743 1069 815 Excurs.
1090 746 1137 815 ad
1157 748 1277 845 [lacit

144 853 235 925 Auu·
250 850 328 919 Lib.
344 849 450 918 lllc.
465 848 525 920 39.
534 847 615 941 jure
628 869 708 916 usus
725 849 768 916 sit
782 847 835 916 his
849 847 949 933 locis,
976 849 1097 937 quibus
1113 859 1268 921 aetutem

147 953 389 1048 quaestorium
402 975 501 1027 auno,
512 950 628 1020 aetatis
645 950 763 1040 quinto
781 960 817 1019 et
830 950 995 1044 vigesimo
1008 951 1179 1022 damnet:
1204 957 1267 1026 Li·

21 1082 23 1087 ⁴
146 1059 223 1152 psio
247 1064 360 1125 tamen
385 1055 560 1124 assentitur
581 1053 804 1123 Buttmannus
825 1053 1068 1138 adquieuit
1091 1078 1120 1127 c.
1140 1057 1184 1125 T.
1205 1058 1266 1129 lv.

146 1182 183 1254 p.
198 1153 286 1227 554.
335 1157 434 1227 Idem
457 1156 649 1241 Quintiliani
668 1157 764 1225 locus
785 1157 907 1249 procul
933 1156 1036 1226 dubio
1055 1156 1185 1227 induxit
1203 1161 1265 1229 Pi-
1298 1232 1301 1239 ,

147 1262 267 1356 glrium
278 1260 367 1329 Ann
380 1261 425 1329 T.
439 1259 498 1328 lll.
511 1282 548 1352 p.
563 1257 650 1329 392.
665 1257 863 1346 u'tCalsum,
879 1257 1059 1329 Oratorem
1073 1262 1266 1351 etPoetam,

146 1389 179 1437 a.
191 1364 236 1434 U.
253 1364 293 1433 G.
306 1360 394 1433 698.
410 1362 633 1447 Quaestorem
647 1361 750 1431 fuisso
764 1362 990 1431 contenderet.
1040 1363 1142 1433 Hanc
1155 1365 1268 1459 Pighii

148 1467 375 1561 opinationem
391 1463 486 1535 haud
502 1466 604 1557 pauci
616 1474 692 1533 sunt
712 1464 876 1556 amplexi3
902 1464 1060 1554 equidem
1078 1490 1160 1537 vero
1184 1492 1268 1538 nus-

148 1594 252 1661 quam
271 1569 454 1637 memoriae
467 1568 641 1660 proditum
654 1567 781 1653 inveni,
802 1567 978 1662 publicum
993 1569 1169 1661 quoddam
1187 1594 1267 1645 mn-

109 1753 111 1762 ,
149 1696 214 1775 nus
229 1697 251 1743 a
265 1671 371 1744 Calvo
387 1671 491 1743 fuisse
508 1670 779 1745 administratum.

535 1938 538 1942 ,
651 1836 761 1941 §.a
915 1932 923 1949 .

254 1977 328 2050 Sed
339 1987 392 2068 ut,
416 1978 510 2048 unde
526 1978 696 2073 digressus
710 1990 803 2068 sum,
824 1984 990 2066 roseum,
1008 1976 1133 2051 Calvus
1142 1987 1267 2069 noster,

151 2081 211 2176 qui
231 2085 342 2152 nativa
367 2083 515 2174 quadam
535 2082 585 2152 sui
605 2082 791 2152 diffidentia
812 2083 1053 2174 praecavisset,
1078 2107 1140 2172 ne,
1163 2109 1268 2177 prae*

152 2187 307 2256 veniente
322 2187 409 2256 vires
423 2186 567 2274 fiducia,
588 2208 692 2276 quam
704 2184 1102 2277 perniciosisshnamjure
1117 2189 1269 2279 appellat
1329 2229 1331 2235 ·

150 2290 394 2377 Quintilianus,
425 2290 540 2359 acerbi
561 2289 645 2379 quid
673 2297 707 2358 et
734 2287 901 2357 immaturi
915 2286 1105 2383 proferret,
1144 2290 1178 2356 in
1200 2291 1267 2357 hac

148 2395 277 2485 prime,
303 2415 405 2483 quam
425 2391 525 2479 dixit,
551 2415 668 2460 caussa
685 2399 755 2460 tam
770 2390 1001 2459 admirabilem
1022 2391 1199 2482 explicarit
1213 2392 1268 2460 di-

149 2496 253 2564 cendi
266 2496 462 2565 facultatem
476 2503 591 2563 ettam
602 2494 783 2563 vehemens
797 2516 838 2561 ac
851 2493 1012 2561 violentus
1028 2493 1147 2563 exstitit
1163 2517 1268 2562 accu-

149 2608 260 2685 sator,
285 2611 324 2666 ut
335 2597 484 2668 Vatinius
497 2597 609 2665 media
629 2598 665 2665 iu
678 2599 809 2665 actione
822 2603 976 2688 surgeret
994 2604 1030 2664 et
1049 2597 1268 2666 exclamaret:

82 2720 92 2745 ‘
152 2701 261 2793 Rogo
282 2722 364 2785 vos,
382 2695 544 2791 judicem
566 2722 667 2787 uum,
699 2700 731 2769 si
753 2700 821 2769 iste
839 2698 995 2768 ὥὶεενίιια
1014 2705 1083 2782 est,
1108 2699 1190 2769 ideo
1210 2722 1270 2768 me

150 2803 323 2872 damnari
347 2798 514 2895 oportet?
544 2802 611 2872 rid.
635 2803 756 2873 Senec.
781 2801 940 2871 Controv.
962 2800 1023 2874 ΙΠ,
1045 2799 1105 2871 19.
1127 2827 1164 2895 p.
1180 2802 1267 2871 232.

151 2905 233 2998 Bip.
289 2906 389 2975 Hanc
408 2904 504 2975 calvi
523 2905 718 2999 iungendis
740 2906 863 2975 caussis
882 2904 1074 2973 violentiam
1094 2905 1176 2976 mihi
1199 2928 1270 2975 non

154 3010 295 3079 dubium
319 3017 389 3097 est,
422 3007 501 3098 quin
525 3010 711 3102 respexerit
728 3007 779 3078 M.
803 3007 903 3076 Corn.
923 3007 1067 3094 Fronto,
1098 3030 1203 3098 quum
1223 3010 1270 3078 ad

154 3111 283 3183 Verum
295 3111 536 3203 imperatorem
559 3112 650 3202 (vid.
674 3111 747 3204 ejus
766 3109 954 3202 Epistolae
973 3131 1030 3178 eu.
1043 3109 1130 3181 cm.
1156 3111 1269 3182 Vatic.

154 3216 276 3285 editae
288 3235 363 3284 our.
377 3213 510 3307 Augei.
524 3209 638 3306 Majo.
655 3214 796 3283 Ronrae
811 3210 920 3283 1823.
949 3236 986 3305 p.
1009 3211 1114 3305 171.)
1140 3217 1270 3287 scribit:

159 3319 396 3389 concionatur
421 3325 542 3387 amun
566 3316 656 3388 Cato
677 3315 820 3410 infeste,
851 3314 1040 3386 Gracchus
1061 3316 1269 3405 turbulente,

161 3421 297 3492 'litliius
312 3420 459 3513 copiose.
484 3418 572 3489 Jum
587 3415 776 3511 injusticiis
788 3419 900 3488 suevit
914 3419 1012 3489 idem
1028 3419 1130 3508 Cato,
1143 3424 1270 3491 trium-

150 3525 247 3618 pbut
273 3522 416 3607 Cicero,
450 3524 685 3591 tumultuatur
715 3521 921 3609 Gracchus,
963 3522 1097 3593 cucur
1116 3526 1269 3594 ricutm.

155 3627 215 3699 Ad
234 3626 323 3695 hunc
336 3626 515 3694 Frontonis
528 3626 642 3693 locum
655 3642 776 3694 vereor
795 3634 834 3693 ut
855 3625 932 3694 satis
946 3635 1026 3718 apte
1041 3628 1130 3718 Aug.
1153 3626 1269 3718 Majus

156 3730 311 3797 conferre
332 3751 393 3797 nos
409 3727 549 3820 jusserit
567 3728 695 3798 Sento.¹
712 3727 871 3798 Controv.
891 3730 913 3795 l.
929 3751 959 3796 c.
978 3751 1015 3820 p.
1036 3728 1122 3796 233.
1144 3729 1190 3801 Β.
1210 3730 1269 3797 ubi

154 3831 259 3901 haece
289 3830 500 3924 Conpositio
519 3853 654 3924 quoquc
680 3825 754 3921 ejus
778 3829 920 3922 (Calvi)
944 3831 981 3898 in
1004 3830 1199 3900 actionibus
1218 3833 1270 3901 nd

156 3934 356 4026 exemptum
376 3933 624 4004 Demosthenis
648 3934 767 4027 riget:
813 3932 903 4002 nibil
925 3933 962 4002 in
988 3933 1055 4005 illo
1069 3934 1269 4024 placidum,

22 4096 26 4105 .
155 4038 245 4107 scibit
261 4038 339 4105 lene
354 4044 432 4121 est,
457 4038 575 4117 omnia
596 4044 630 4106 ct
646 4037 825 4108 conuictu
841 4032 1111 4129 ctfluctunntiu.
1165 4038 1271 4123 Quod

156 4142 310 4210 Senecae
318 4138 484 4231 judicium
497 4141 569 4230 quis
584 4162 651 4208 non
671 4138 763 4208 ridet
783 4162 859 4209 csse
873 4137 1086 4208 referendum
1107 4138 1152 4209 ad
1174 4143 1271 4210 istam

157 4244 255 4316 calvi
275 4243 536 4337 diligentiamet
555 4243 769 4336 religionem,
794 4264 891 4332 qua,
906 4249 945 4313 ut
963 4239 1134 4313 neeman
1154 4244 1192 4315 in
1208 4246 1269 4317 Br.
