2768 4838
156 253 234 327 882
360 274 417 327 aa
441 274 479 324 ιι
504 274 640 325 russo
664 271 892 324 arancouo
915 274 1071 324 rosan.

157 451 310 498 caussam
325 426 454 521 egisse,
467 424 548 515 sed,
568 423 757 495 lacessitam
775 449 797 494 ι
811 424 994 495 Satirarum
1007 447 1143 494 suarum
1157 414 1276 494 obtre-

157 534 356 619 ctatoribus,
383 531 563 599 ambitione
585 529 750 620 quadam,
775 530 1062 621 praestantissimis
1084 530 1276 619 quibusque

97 683 105 701 ,
155 634 344 703 homiuibus
365 635 520 726 propria,
546 634 713 700 veteribus
732 632 820 700 Latii
839 633 949 725 poetis
963 633 1058 722 quasi
1078 633 1205 699 bellum
1221 634 1276 700 in-

156 738 330 807 dixissset
352 738 397 805 ad
413 734 634 804 confutandas
658 737 834 803 stultorum
855 758 973 803 cascae
993 735 1276 824 antiquitatisad-

155 842 351 911 miraturum
374 840 598 907 cavillationes
619 838 848 928 tuendumque
870 861 967 906 suum
987 837 1154 930 judicium
1178 839 1278 907 istam

156 966 347 1027 censuram,
374 965 477 1033 quam
492 965 513 1009 a
527 942 658 1010 Lucilio
675 962 811 1010 exorsus
829 951 933 1030 esset,
960 942 1056 1009 latius
1070 940 1287 1024 extendisses

155 1046 229 1139 ejus
251 1047 434 1115 sententiae
464 1067 589 1113 novum
617 1045 722 1134 idque
746 1045 979 1137 gravissimum
1002 1045 1208 1135 praesidium
1233 1066 1277 1114 ex

55 1232 58 1239 Ι
84 1172 90 1178 ·
154 1148 411 1219 Satira'decima
421 1147 515 1217 Libri
524 1147 552 1220 l.
570 1145 711 1238 ejusque
724 1147 922 1217 scribendae
935 1148 1073 1217 consilio
1089 1149 1162 1240 peti
1172 1168 1277 1239 posse

154 1253 308 1321 arbitror.
373 1252 510 1321 Etenim
539 1272 617 1318 cum
647 1250 806 1320 Horatius
830 1251 938 1321 Satira
967 1260 1085 1341 quarta
1122 1249 1276 1342 ejusdem

153 1352 250 1425 Libri
264 1364 298 1424 ct
305 1354 456 1448 judicio,
482 1352 577 1445 quod
591 1354 636 1427 de
651 1353 781 1422 Lucilio
800 1353 950 1445 fecisset,
973 1375 1114 1446 gravem
1126 1353 1277 1421 admira-

153 1458 369 1550 torum·ejus
397 1456 619 1526 offensionem
642 1465 745 1553 atque
771 1456 931 1525 invidiam
950 1457 1170 1548 suscepisset3
1210 1456 1277 1549 ipsi

154 1562 380 1631 necessarium
405 1582 470 1629 nec
489 1583 549 1628 sua
571 1582 718 1652 persona
739 1558 913 1652 indignum
933 1568 984 1628 est
1004 1561 1128 1645 visum,
1152 1560 1277 1650 ineptis

154 1664 220 1733 ilbs
248 1663 491 1753 malevolisque
518 1662 710 1731 bominibus
739 1685 794 1731 res
820 1661 967 1747 ondcrc,
1004 1671 1042 1730 ut
1079 1660 1277 1731 sententiam

30 1842 33 1869 Ι
156 1789 251 1836 auam
267 1767 311 1836 de
325 1766 506 1836 Luciliauis
519 1763 636 1834 Satiris
650 1765 796 1835 defende
835 1775 866 1852 t,
891 1765 985 1833 novis
1002 1764 1198 1854 idoneisque
1211 1767 1276 1833 ιιι-

155 1879 265 1939 maret
278 1871 461 1939 rationibus
477 1884 639 1958 eamque,
662 1878 701 1936 ut
715 1869 846 1937 veritati
867 1877 1144 1958 consentaneam,
1160 1868 1214 1936 'ita
1228 1868 1275 1936 ab

156 1994 248 2040 omm
236 1972 458 2041 inhonestae
478 1973 631 2039 vanitatis
653 1972 967 2061 obtrectationisque
991 1971 1101 2040 labe
1092 1993 1276 2040 immunem

157 2098 248 2173 esse,
274 2073 480 2168 probatum
470 2082 542 2142 rret
595 2074 675 2157 Quo
689 2073 826 2164 quidem
850 2076 986 2142 consilio
1003 2075 1167 2143 decimam
1183 2076 1277 2142 illam

156 2165 302 2247 satiram
317 2178 363 2246 ab
379 2199 421 2247 eo
436 2177 538 2245 fuisse
555 2177 732 2267 scriptam,
759 2187 904 2245 constat·
932 2178 1025 2267 quod
1046 2201 1181 2245 carmen
1196 2200 1277 2247 cum

154 2283 241 2393 miro
244 2281 504 2403 compositionis
519 2279 679 2371 artificio,
703 2289 776 2347 tum
790 2303 873 2348 vero
888 2281 988 2349 etiam
1009 2281 1291 2349 luculentissimis

154 2376 256 2454 animi
277 2385 389 2453 subito
405 2382 692 2470 vehementerque
715 2384 874 2451 commoti
895 2394 929 2452 ιι
950 2386 1165 2476 gravissimae
1183 2383 1277 2453 indi-

152 2489 320 2580 gnationis
335 2486 465 2555 iudiciis
487 2508 571 2579 prae
587 2486 727 2553 caeteris
740 2508 813 2553 esse
833 2486 982 2578 insigne,
1008 2509 1109 2555 nemo
1124 2497 1176 2554 est
1192 2486 1276 2577 quin

154 2592 285 2659 sentiat.
336 2591 481 2657 Plenum
503 2598 555 2656 est
573 2588 660 2655 fellis
681 2590 892 2677 acerbaeque
916 2590 1092 2675 irrisionis,
1126 2590 1213 2658 adeo
1235 2598 1287 2658 ut·

153 2692 187 2759 in
204 2715 264 2774 eo,
289 2701 462 2781 tamquam
474 2691 509 2760 ιιι
522 2691 638 2759 tabula
647 2702 951 2783 repraesentatum,
974 2716 1160 2784 agnoscere
1174 2695 1277 2760 liceat

153 2795 350 2877 Horatium,
377 2795 486 2863 bosci
501 2795 669 2881 celerem,
691 2801 810 2863 tomen
825 2803 863 2863 ut
873 2794 1069 2888 placabilis
1085 2803 1182 2864 esset.
1210 2795 1274 2886 (cf.

153 2898 262 2991 Epist
274 2898 302 2985 l,
316 2897 367 2967 20
367 2892 479 3018 ,25)
526 2897 631 2981 Quod
647 2897 736 2970 ιιιιιιι
751 2897 873 2966 Cicero
886 2899 1009 2966 alicubi
1032 2898 1155 2990 (Epist
1177 2899 1204 2968 1.
1227 2897 1276 2965 ad

154 3003 254 3073 Attio
271 3000 331 3070 lt
334 3003 351 3093 )
366 3001 535 3069 verissime
551 3001 615 3089 ait,
625 3000 815 3105 irritabiles
832 3025 905 3070 csse
926 3002 1053 3069 animos
1069 3002 1276 3093 optimorum

155 3126 258 3196 saepe
275 3103 450 3173 bominum
474 3112 508 3172 ιι
524 3053 663 3172 eosdeiu
678 3104 882 3198 placabiles,
913 3114 948 3173 ιι
968 3127 1042 3173 esse
1063 3104 1153 3173 banc
1174 3105 1276 3225 agili-

155 3217 258 3276 tatem
272 3209 515 3295 mollitiamque
529 3218 667 3275 naturae
683 3208 884 3299 plerumque
902 3208 1075 3289 bonitatis,
1100 3206 1137 3274 id
1158 3208 1274 3275 nescio

155 3334 198 3379 an
211 3311 252 3379 ιιι
259 3311 389 3379 nullum
409 3311 609 3400 antiquitatis
631 3312 829 3402 scriptorem
849 3312 958 3379 verius
983 3311 1145 3401 quadret,
1171 3332 1276 3401 quam

153 3414 202 3483 ιιι
212 3414 402 3483 Horatium.
452 3412 550 3482 Haec
574 3413 673 3481 ιιιιιιιιι
696 3414 990 3503 excandescentia,
1024 3414 1166 3482 Horatio
1188 3436 1274 3505 pro-

153 3496 245 3609 pria,
279 3516 375 3609 cujus
403 3514 546 3608 diligens
570 3517 759 3585 observatio
787 3516 853 3584 dici
879 3540 946 3585 non
973 3527 1087 3609 potest
1112 3527 1276 3606 quantum

154 3619 289 3691 omnino
314 3620 359 3688 ad
382 3621 560 3688 rectiorem
581 3620 765 3688 carminum
786 3619 860 3712 ejus
880 3620 1133 3713 intelligentiam
1152 3621 1275 3705 valeat,

152 3745 216 3814 per
235 3732 341 3792 totam
360 3722 449 3893 panc
475 3722 664 3811 dominatur
683 3722 844 3811 Satiram,
871 3733 905 3792 et
931 3746 998 3792 non
1020 3734 1148 3790 tanturn
1170 3732 1276 3813 petu-

152 3826 327 3894 lautiorem
346 3826 368 3892 o
392 3814 610 3894 trectatorum
628 3827 813 3895 irrisionem
839 3836 873 3895 ιι
894 3836 1123 3918 contemptum
1142 3848 1290 3918 proge-·

152 3929 239 4016 nuit,
266 3928 327 3996 sed
349 3929 449 3996 etiam
468 3929 588 4021 judicii
610 3939 645 3997 ιι
660 3929 847 3998 acerbitatis
869 3931 903 3997 iu
920 3931 1001 3998 alios
1023 3939 1157 4022 poetas,
1185 3951 1288 4018 quo--

47 4110 48 4114 ¹
152 4054 228 4099 ιιιιιι
247 4054 390 4117 nomen,
415 4031 609 4101 honorificis
627 4033 826 4122 antiquitatis
849 4034 1042 4101 testimoniis
1067 4033 1111 4101 ad
1125 4044 1278 4100 nostram

152 4136 321 4227 perlatum
335 4136 552 4220 memoriam,
577 4134 750 4224 hodieque
770 4136 864 4228 apud
880 4160 942 4219 nos
962 4137 1169 4222 celebratur,
1196 4135 1275 4204 sons

155 4247 190 4307 ot
202 4260 321 4307 caussa
334 4245 387 4307 cst
402 4236 571 4308 habenda
623 4239 717 4308 Nihil
732 4238 839 4310 habet
849 4239 1030 4310 mirationis
1045 4239 1169 4333 injecta
1186 4237 1278 4308 Cas·
