2768 4838
70 286 82 325 ¹
156 266 235 345 lte
399 290 457 341 or
481 286 712 357 o.;rrr-r.rro
736 288 872 342 omn
894 284 1054 340 nourr.

59 422 72 434 ⁸
159 438 465 534 quaquaminepte
485 439 740 530 inconsultoque
761 438 956 534 suppletum
975 459 1050 507 esse
1070 426 1232 522 videtu,
1254 434 1286 507 si

141 545 264 633 ,modo
285 544 521 636 oppositomm
541 545 725 633 rationem,
748 566 814 636 per
834 552 944 612 totum
963 542 1177 610 observatam
1195 560 1286 631 poe.-

31 654 34 659 ’
160 664 236 735 ma,
260 656 354 715 recte
376 646 576 716 attenderis.·
633 645 786 715 Catullus
810 646 959 738 primum
980 667 1013 713 u.
1037 643 1128 711 1-
1148 640 1185 710 4.
1206 641 1286 713 diu-

34 816 42 831 ,
161 761 297 820 turnum
312 748 440 820 Cinnae
453 749 599 819 studium
615 771 843 843 magnamque
864 750 965 816 limae
981 769 1115 828 curam,
1140 768 1210 836 qua
1232 745 1286 815 le.-

152 855 246 929 ,vitas
262 854 398 921 carmini
416 853 672 939 concinnasse,
700 861 875 945 comparat
890 874 970 920 cum
991 848 1119 917 incuria
1133 849 1286 917 Horten·

163 957 221 1043 sii,
241 957 368 1024 ¹multos
383 956 479 1025 brevi
492 966 648 1048 tempore
665 964 768 1045 atque
784 957 974 1023 invenustos
993 953 1145 1021 facientis
1160 973 1287 1023 versus,

162 1058 295 1129 Deinde
325 1080 357 1130 r.
382 1054 407 1127 5
427 1098 481 1114 ·-
498 1058 537 1128 8.
561 1059 710 1151 amplam
736 1068 921 1152 auguratur
940 1057 1109 1147 Zmyrnae
1136 1048 1286 1147 laudem,

139 1214 140 1218 ,
165 1184 252 1252 quae
275 1160 402 1254 patrios
427 1163 511 1231 fines
537 1162 580 1231 sit
601 1172 776 1255 egressura
797 1171 832 1230 et
851 1162 896 1229 ad
925 1182 1034 1229 seram
1053 1159 1285 1251 posteritatem
1361 1202 1367 1235 ,ι

162 1274 384 1357 perventura,
411 1266 511 1359 eique
526 1266 667 1334 brevem
688 1266 833 1359 opponit
846 1265 972 1332 famam
986 1273 1031 1331 et¹
1043 1262 1286 1333 brere‘aevuu'r

41 1382 44 1386 ’
163 1368 344 1448 Annalium
363 1366 503 1436 Volusii.
553 1369 709 1458 Denique
722 1377 854 1461 gratam
866 1369 929 1436 sibi
943 1389 1017 1436 esse
1032 1366 1156 1438 fatetur
1171 1364 1286 1434 breri-

164 1478 270 1540 tatem
291 1471 445 1539 carminis
469 1471 627 1569 Cinnani,
662 1471 744 1539 dum
761 1473 909 1564 populus
931 1469 1080 1563 gaudeat
1101 1468 1208 1559 longo
1229 1474 1287 1537 tu-

83 1605 89 1618 *
163 1572 326 1662 midoque
346 1573 538 1643 Antimachi
561 1596 666 1666 opere
688 1597 720 1643 v.
737 1572 771 1646 ll.
788 1574 848 1642 10.
905 1573 962 1641 En
988 1582 1130 1640 acutum·
1145 1571 1288 1639 sonaim

164 1698 314 1765 numque
337 1677 573 1745 sententiarum
593 1676 764 1763 ordinem,
798 1698 867 1766 quo
888 1677 971 1745 nihil
993 1685 1045 1744 est
1064 1673 1287 1745 manifestius:
1367 1667 1369 1672 ’

165 1779 262 1870 cujus
276 1778 467 1848 obseruatio
480 1780 577 1848 nobis
599 1781 783 1865 certissima·
801 1782 865 1848 erit
885 1780 970 1865 dur,
997 1778 1092 1870 cujus
1115 1800 1184 1870 ope
1202 1777 1286 1845 reli*

166 1904 234 1972 qua
248 1883 490 1953 'constituamus
507 1891 609 1973 atque
621 1884 832 1955 illustremus.
874 1883 1096 1974 Quapropter
1111 1904 1143 1949 u.
1158 1875 1193 1951 {t
1207 1901 1284 1947 voc.

168 1983 330 2074 Zmyrna
352 1994 467 2068 tueor,
493 1985 555 2054 sed
567 1976 743 2054 'ommno
764 1986 891 2079 rejicio.
950 1984 1105 2054 Muretus
1127 2006 1147 2053 e
1169 1981 1285 2054 Godd

165 2087 301 2156 notavit·
312 2110 423 2156 cavas
441 2085 603 2174 Athesis,
627 2090 744 2161 maluit
762 2100 875 2158 tamen
893 2087 1059 2174 Atracis,
1085 2086 1180 2177 quod
1199 2086 1287 2155 Par·

165 2189 298 2259 thenius
325 2189 483 2276 dederat,
507 2202 601 2260 'recte
627 2215 786 2278 monens,
818 2191 875 2260 hic
896 2192 1035 2260 fluvium
1061 2190 1286 2282 longinquum

166 2293 313 2384 exposci
379 2294 530 2364 Achilles
565 2295 708 2365 Statius:
748 2287 837 2382 „cal
857 2295 1005 2364 Atracis
1027 2301 1090 2363 cut
1111 2293 1286 2362 Atocisrt‘

96 2415 98 2420 ·
145 2388 332 2489 'posterius
347 2396 667 2489 ‘probattirmatque
681 2399 853 2485 Heinsius,
880 2398 977 2489 cujus
998 2407 1064 2466 ret.
1079 2396 1169 2469 cod.
1190 2395 1286 2464 altus
1305 2392 1310 2402 ’

166 2498 294 2568 Atacis
309 2498 420 2566 offert
471 2499 541 2567 Est'
551 2510 662 2568 autem
683 2501 779 2569 Atax
801 2501 920 2569 fluvius
934 2500 1066 2569 Galliae
1082 2500 1286 2569 Narbonen-

167 2602 229 2688 sis,
248 2600 293 2669 de
308 2622 377 2689 quo
389 2600 456 2669 rid.
472 2601 675 2671 Tasclmcke
690 2603 736 2671 ad
748 2605 869 2696 Pomp.
883 2603 968 2671 Mel
984 2605 1027 2672 ll.
1045 2602 1081 2671 5.
1097 2601 1132 2670 u.
1146 2624 1183 2695 p.
1197 2599 1284 2671 488.
1338 2690 1341 2698 Ι

165 2703 263 2773 Bene
285 2727 322 2773 se
342 2704 469 2772 lrabeat
485 2707 605 2805 verba:
633 2728 744 2776 cavas
763 2708 815 2774 od
833 2708 969 2795 undas,
995 2730 1084 2796 quae
1105 2705 1150 2774 ad
1173 2705 1287 2791 Carm'.

166 2805 282 2877 xvir..
291 2805 327 2875 4.
347 2808 522 2876 illustravit
536 2810 706 2902 Doering‚
733 2810 788 2878 cui
806 2811 841 2878 in
860 2809 961 2902 hujus
982 2834 1098 2879 versus
1120 2810 1288 2901 scriptura
1367 2829 1370 2834 '

166 2909 348 2996 assentior,
374 2910 437 2979 sed
451 2910 572 2979 invitus
585 2913 658 3005 ejus
672 2914 981 3005 interpretationem
995 2912 1164 2985 desidero.
1179 2910 1289 2997 .de

167 3013 257 3081 euim
271 3014 334 3081 sibi
349 3014 434 3082 vult:
463 3005 624 3106 Ztuyrua
645 3017 796 3085 mittitur
815 3019 868 3087 ad
894 3017 1024 3086 Atacis
1044 3017 1164 3085 undas
1181 3037 1210 3084 s.
1231 3014 1288 3084 ad

25 3192 32 3205 ,
164 3113 355 3185 Atacemi'
369 3141 382 3167 ·-
393 3116 432 3186 si
445 3116 528 3207 quid
541 3118 661 3205 video,
686 3118 806 3206 Atos,
832 3128 869 3188 ut
892 3144 996 3212 saepe
1011 3120 1147 3188 uomina
1161 3119 1287 3186 fluvio-

164 3214 385 3289 rum‘terram
407 3221 596 3291 universam
626 3222 828 3314 significant,
868 3222 903 3291 lu
935 3225 1107 3316 lpositus
1136 3231 1189 3290 est
1216 3240 1287 3313 pro

166 3303 295 3411 Gula,
322 3323 454 3394 ethaeo
470 3345 536 3416 pro
549 3324 645 3393 terris
665 3327 802 3412 exteris,
828 3327 961 3395 Romae
975 3327 1149 3419 oppositis.
1186 3324 1287 3394 Libri

163 3444 246 3494 raro
260 3450 281 3496 a
293 3426 487 3519 bibliopolis
500 3427 533 3495 in
553 3429 750 3520 peregrinas
769 3430 860 3498 missi
872 3439 977 3521 temps
994 3431 1077 3522 ipsis
1091 3428 1284 3497 auctoribus

162 3523 285 3597 honori
305 3529 464 3620 laudique
485 3539 597 3618 erant,
624 3541 787 3621 quatenus
807 3555 878 3601 non
891 3544 1021 3602 tantum
1043 3534 1194 3617 Romae,
1220 3529 1286 3600 sed

161 3628 388 3723 inprovinciis
408 3634 511 3717 etiam
535 3636 774 3725 empturientes
793 3637 985 3706 invenirent
1036 3634 1285 3725 Locupletissi-

161 3754 235 3800 mus
249 3733 350 3826 hujus
372 3720 425 3804 rei
439 3738 608 3806 tosus-est
621 3738 782 3808 Horatius
802 3740 844 3809 Α.
867 3742 906 3810 Ρ.
927 3741 1015 3809 343.
1074 3738 1148 3808 Hie
1170 3744 1285 3806 meret

162 3855 255 3905 uera
267 3837 359 3911 liber
377 3837 506 3910 Sosiis:
530 3841 590 3910 hic
614 3848 650 3909 et
668 3864 772 3910 mure
794 3845 938 3929 transit,
964 3843 1015 3913 Et
1034 3843 1185 3935 longum
1200 3849 1284 3910 uoto

160 3938 328 4031 scriptori
335 3952 520 4038 prorogat
533 3967 670 4018 aevum
720 3947 774 4016 De
785 3940 909 4037 caderis
919 3950 1080 4016 librorum
1092 3954 1283 4014 mercatura

137 4112 139 4118 ,
160 4042 395 4141 accipiendum
410 4057 461 4116 est
475 4047 697 4142 Epigramma
711 4048 876 4120 Martialis
891 4051 926 4120 2.
946 4052 1023 4122 Lib.
1042 4050 1119 4122 ΧΠ.
1151 4088 1154 4093 >
1177 4047 1283 4144 Quae

160 4146 267 4215 modo
287 4146 430 4218 litoreos
448 4147 557 4221 ibatis
578 4154 743 4223 carmina
763 4153 930 4249 Pyrgos3
969 4154 1029 4225 Ite
1046 4172 1173 4240 socru,
1196 4148 1283 4246 jam

157 4268 227 4319 m
247 4249 500 4344 momenta
520 4255 583 4328 oio
602 4264 665 4328 eat.
732 4256 823 4329 (lum
839 4259 968 4358 Pyrgi,
1005 4261 1164 4334 Etruriae
1186 4256 1281 4347 urbs,
