2768 4838
258 290 336 365 250
514 310 571 361 oa
596 310 785 360 oonrrro
809 308 954 359 aeneo
979 309 1136 361 roura.

260 466 342 535 dam
360 459 558 552 inscriptum
578 459 727 549 miranti,
761 459 856 550 quod
881 482 1065 551 numquam
1088 465 1250 554 gravioris
1274 452 1366 565 argu

259 567 363 640 menti
376 566 523 633 carmina
534 563 710 632 scribenda
724 573 833 632 sumat
847 563 1019 633 Martialis,
1071 566 1161 634 Huic
1181 592 1218 637 se
1242 594 1360 643 eacus
1380 608 1384 626 ι

257 684 453 763 temporum
468 667 656 756 iniquitate,
682 689 760 734 cum
779 666 889 736 desint
903 668 1037 760 patroni
1052 679 1229 759 poetarum
1244 673 1343 767 inge·
1371 727 1372 732 ,

261 777 414 845 foventes
427 771 685 858 muneribusque
700 770 898 854 excitantes,
927 781 962 840 et
975 773 1021 839 ita
1034 771 1082 838 illi
1096 783 1185 842 tecte
1205 776 1363 847 illibera'

260 887 363 947 tatem
378 875 413 943 iu
436 896 473 951 se
493 873 677 964 exprobrat
698 874 946 967 elegantissimo
967 885 1143 968 poemate,
1181 879 1277 968 quod
1297 892 1365 951 con

257 981 345 1052 salto
359 998 545 1069 apponam:
606 988 618 997 “

316 1076 546 1173 Temporibus
563 1076 691 1146 nostris
704 1085 807 1147 aetas
821 1100 929 1171 quarm
943 1078 1051 1148 cedat
1065 1102 1224 1172 avorum,

367 1182 527 1254 (treverii
544 1187 578 1249 et
592 1176 711 1272 major
726 1202 807 1250 cam
821 1182 914 1250 duce
930 1182 1050 1253 Roma
1065 1205 1145 1268 sao;

313 1284 505 1381 Ingenium
517 1284 614 1353 sacri
626 1284 773 1353 miraris
786 1284 910 1354 abesse
924 1284 1098 1373 Maronis,

364 1388 442 1461 Nec
458 1408 669 1480 quemquam
690 1394 793 1455 tanta
815 1386 911 1456 bella
927 1410 1057 1458 santae
1075 1388 1172 1461 tuba.

223 1546 227 1563 .
315 1491 395 1563 Sint
406 1491 654 1573 Maecenates,
679 1512 747 1559 non
762 1490 928 1579 deerunt,
954 1490 1105 1577 Flacca,
1130 1492 1320 1587 Marones,

370 1593 629 1687 Virgiliumqae
643 1590 708 1661 tili
720 1594 778 1661 vel
792 1600 856 1661 tua
868 1614 959 1661 rura
974 1592 1120 1663 dabunt
1374 1590 1377 1595 ’

312 1697 461 1791 dagera
468 1694 684 1789 perdiderat
694 1696 849 1765 miserae
860 1696 978 1765 vicina
996 1696 1204 1787 Cremonae,

365 1798 494 1869 Flebat
507 1806 542 1869 et
555 1796 733 1867 deludas
750 1798 891 1889 tityrus
906 1821 1022 1892 aeger
1035 1822 1125 1870 oves.

313 1903 409 1973 Risit
426 1902 559 1972 tracus
575 1922 702 1993 eques,
722 1910 1047 1995 paupertatemque
1058 1906 1265 2000 malignam
1318 1908 1324 1923 ’

365 2006 530 2097 Rqradt,
556 2011 591 2072 et
606 2005 714 2073 celeri
719 2000 827 2095 jussit
840 2004 941 2073 abire
945 2005 1070 2100 flagae

314 2109 450 2200 Accipe
464 2105 625 2192 divitias,
651 2113 686 2174 et
698 2113 820 2175 vatum
834 2109 1012 2176 maximus
1028 2118 1100 2179 esto
1107 2138 1123 2202 ,-

319 2205 325 2215 ’
368 2210 422 2281 tu
437 2210 518 2280 lieet
531 2216 750 2295 etnostrum,
776 2209 886 2296 dixit,
911 2210 1043 2280 Alexin
1056 2236 1165 2283 ames.

313 2313 496 2386 Adstabat
512 2312 644 2382 demisi
656 2312 784 2382 mensis
792 2312 1140 2405 pulcherrimusille,

363 2416 575 2487 Marmorea
578 2415 741 2509 fundens
755 2417 869 2508 nigra
881 2417 1042 2487 Falerna
1056 2442 1183 2504 manu3

312 2519 364 2590 Et
375 2516 616 2589 libata-dabat
628 2519 739 2586 roseis
749 2519 937 2588 carchesia
952 2520 1075 2609 labris,
1232 2601 1235 2606 ,

366 2621 473 2718 Quae
478 2627 648 2713 poteram
662 2621 777 2712 amm
790 2622 983 2692 sollicitare
995 2623 1132 2694 Jovem.

253 2736 257 2747 “
312 2723 462 2794 Excidit
476 2724 622 2792 attonito
632 2723 784 2817 pinguis
801 2724 962 2795 Galatea
971 2736 1115 2820 poetae,

370 2827 543 2919 Thestylis
558 2833 593 2894 et
606 2825 738 2896 rubras
751 2828 920 2899 messibus
930 2837 1012 2898 usta
1025 2853 1166 2924 genas3

275 3020 279 3027 Ι
311 2930 480 3003 Protinus
501 2928 651 2998 Italiam
671 2933 843 3024 concepit,
871 2941 905 3002 et
922 2934 1040 3002 Arma
1058 2937 1252 3026 virumque,

368 3021 441 3131 Qui
452 3022 559 3109 modo
573 3033 635 3101 ota
652 3032 807 3102 euticem
808 3034 970 3129 fleverat
984 3060 1045 3107 ore
1057 3039 1150 3107 rudi.

318 3136 417 3237 Quid
437 3136 581 3226 Varios,
606 3132 818 3228 Marsosque
834 3138 978 3231 loquar,
1006 3143 1193 3234 ditataque
1206 3146 1332 3211 vatum

296 3252 298 3257 '
364 3238 536 3320 Nomina,
562 3260 719 3332 magnus
733 3241 802 3310 erit
814 3263 900 3332 qnos
913 3265 1103 3314 numerare
1118 3242 1245 3314 labor?

311 3344 419 3438 Ergo
434 3364 495 3413 ero
515 3332 706 3436 Virgilius,
729 3343 762 3412 si
775 3366 924 3415 munera
937 3345 1161 3418 Maecenatis

365 3447 444 3518 Des
455 3440 570 3515 arilei?
624 3444 798 3538 Vergilius
811 3471 880 3519 non
895 3471 975 3536 ero,
1000 3450 1149 3522 Marna
1162 3473 1224 3523 ero
1243 3451 1319 3545 1⁷).

188 3744 192 3753 Ι
331 3678 382 3749 lt)
415 3680 444 3733 lu
460 3676 609 3747 praecipuit
625 3678 658 3731 rte
672 3676 967 3749 vtrgtttoenttquiurts
984 3684 1140 3738 testimoniis
1155 3686 1218 3754 poni
1235 3684 1311 3738 debet
1327 3686 1382 3738 lroc

260 3749 394 3802 Martialis
410 3749 574 3816 poematinm
591 3750 666 3815 eujus
683 3747 823 3803 auctoritas
839 3752 873 3804 de
888 3753 964 3805 Alexi
981 3771 1062 3822 puero
1079 3756 1213 3808 molestior
1230 3760 1288 3809 erat
1303 3761 1347 3812 lle

260 3819 305 3870 nio
321 3819 356 3871 ad
376 3818 472 3872 Donati
488 3819 540 3872 l'it.
558 3818 633 3887 Vir-g.
649 3818 681 3870 V.
705 3821 731 3880 §-
747 3817 791 3870 Ml
816 3820 945 3890 Virgilius
968 3823 1052 3893 igitur
1076 3825 1235 3878 Maecenatis
1260 3826 1347 3881 libera
1358 3830 1382 3882 i·

259 3893 314 3941 aa
329 3888 399 3940 curis
416 3889 516 3940 levetm
532 3893 688 3955 conceperat
704 3888 787 3940 Arne
802 3890 936 3960 uirumque
953 3909 979 3946 v.
1000 3894 1041 3946 lll.
1059 3893 1078 3946 i.
1097 3912 1119 3946 e.
1138 3895 1295 3961 Aeneidem,
1311 3914 1382 3966 quaa

260 3956 295 4010 elo
310 3974 385 4011 more
400 3963 518 4009 retaum
534 3957 679 4011 initialibus
695 3955 782 4009 valis
803 3958 983 4028 significatur,
1006 3968 1036 4015 ut
1052 3964 1200 4018 Libnlth.
1218 3966 1302 4036 epigr.
1317 3967 1380 4024 185.

426 4027 521 4093 Accipe
534 4028 646 4094 facundi
664 4027 791 4091 Culicem,
810 4031 939 4095 studiose,
961 4033 1097 4095 Maronis3

468 4097 505 4147 ta
520 4098 600 4165 nugis
613 4097 707 4164 positis
725 4097 807 4148 Arana
823 4100 958 4168 uirumque
975 4102 1067 4169 legar:

172 4182 183 4195 ·
259 4161 301 4216 sic
318 4160 389 4215 euim
407 4178 455 4230 pro
470 4166 544 4234 vulg.
562 4183 642 4217 caum
658 4181 674 4218 e
691 4166 772 4217 Codd.
798 4167 917 4221 Merulae
939 4170 974 4222 ad
992 4170 1067 4222 ltuuii
1085 4170 1194 4240 Fragm.
1218 4190 1245 4240 p.
1262 4171 1323 4227 tut.
1340 4176 1382 4229 le-

258 4233 378 4303 gendum
400 4248 501 4284 censen
549 4233 649 4298 ntum,
677 4251 734 4301 quo.
752 4238 852 4289 vetem
875 4237 990 4291 aliorum
1013 4240 1096 4293 libros
1119 4242 1228 4295 laudare
1252 4244 1381 4314 solebant,

259 4319 362 4358 morem
377 4300 535 4368 illustrarit,
559 4301 799 4370 praetendentium
822 4307 856 4360 tle
877 4306 984 4375 sarna
1000 4307 1102 4363 Hister.
1126 4311 1228 4368 Philas.
1250 4314 1323 4369 liltr.
1344 4319 1381 4374 ll.
