2768 4838
338 310 396 365 on
419 311 460 363 ιι.
484 310 617 363 sunto
640 309 867 363 aureonno
890 310 1050 365 rouro.
1175 284 1255 361 tbi

232 464 412 537 Suetonius
426 465 460 536 u
478 467 598 537 lllustr.
613 465 675 536 Gr.
697 488 729 535 o.
746 464 782 541 o.
800 466 918 556 tradit,
944 467 1114 541 Orbilium
1131 468 1252 560 Pupil-

127 568 209 657 lum,
234 570 442 638 notissimum
460 570 554 638 illum
567 568 700 643 Horatii
713 569 922 663 mugisoum,
940 584 1051 643 aetate
1066 595 1127 643 sua
1138 593 1251 663 prope

127 673 173 740 ad
196 673 413 751 centesimum
435 694 558 741 annum
578 671 769 764 producta,
796 674 991 745 memoriam
1013 675 1091 771 jam
1116 673 1250 770 pridem

127 776 294 846 amisisse:
321 777 376 854 oui
390 775 568 844 narrationi
582 773 686 843 fldem
702 774 781 843 facit
794 774 863 843 hoo
881 775 1037 849 Bibaculi
1050 799 1168 869 remur
1292 806 1299 835 ν

234 876 393 947 Orbilius
416 877 562 947 abluam
586 883 658 962 est,
685 875 886 947 tuomum
914 878 1080 951 Obliuio?
1109 880 1173 971 ¹⁰)

126 980 225 1051 llaec
242 980 387 1049 dubitari
399 981 454 1049 vix
467 988 579 1073 potest
591 980 673 1071 quin
688 1002 710 1047 a
728 978 781 1049 Μ.
802 980 906 1073 Furio
927 981 1096 1053 Bibaculo
1124 981 1249 1073 scriptu

127 1085 192 1155 sint
205 1091 285 1178 post
297 1093 441 1152 mortem
455 1084 585 1153 Orbilii.
638 1081 720 1161 -larn
738 1105 821 1153 vero
839 1081 987 1155 Orbilius
1006 1084 1159 1177 Pupillus
1176 1083 1248 1153 Be-

126 1196 347 1274 uerentanus,
372 1190 511 1255 auotore
530 1185 694 1257 Suetonio
718 1183 764 1254 de
783 1186 904 1255 lllustr.
929 1186 991 1256 Gr.
1012 1211 1042 1261 c.
1063 1186 1120 1279 o,
1147 1187 1246 1277 quin-

128 1288 325 1382 quagesimo
346 1290 461 1357 aetatis
482 1310 589 1375 anno,
614 1285 779 1356 Cicerone
802 1287 949 1361 Consule
970 1312 1001 1364 a.
1019 1290 1066 1363 U.
1086 1291 1127 1362 0.
1150 1286 1248 1377 uon,

126 1390 322 1461 Benevemo
343 1392 472 1461 transiit
501 1391 668 1478 Romam,
687 1390 802 1489 ibique
829 1390 1017 1463 insomnia
1046 1400 1248 1487 paupertate

125 1516 238 1589 prope
251 1493 297 1563 ad
311 1494 529 1564 centesimum
542 1514 666 1561 sunum
680 1494 797 1562 aetatis
813 1493 904 1564 vixit
958 1494 1047 1566 Cum
1060 1496 1163 1589 igitur
1177 1492 1248 1563 0r-

124 1596 224 1667 bilius
245 1606 325 1691 post
342 1620 466 1667 annum
490 1595 534 1667 U.
549 1594 589 1668 C.
606 1582 712 1683 691„
737 1618 808 1689 quo
830 1618 920 1665 auno
946 1590 1248 1693 quinquagenarius

119 1700 274 1781 ‚Romam
296 1709 452 1787 venerut,
491 1698 633 1768 totidem
656 1698 730 1767 fere
753 1721 857 1767 annos
871 1699 999 1771 ibidem
1021 1700 1247 1794 transegerit3

128 1803 358 1894 consequitur,
384 1825 462 1871 eum
474 1803 688 1893 superstitem
700 1800 804 1871 fuisse
818 1800 977 1894 Virgilio,
999 1826 1030 1877 a.
1045 1804 1092 1879 U.
1108 1796 1247 1879 (3.135.

125 1916 270 1974 mortuo.
321 1904 478 1971 Fortasse
489 1902 609 1970 Furius
624 1901 807 1972 Bibaculus
820 1903 901 1973 ista:
931 1902 1089 1977 Orbilius
1102 1905 1248 1975 ubinam

127 2014 198 2089 est,
230 2006 445 2095 litterarum·
459 1999 640 2073 Οὸὶίυἰοῖκζ
655 2004 804 2097 scripsit,
829 2006 968 2099 simulac
988 2008 1082 2079 famu
1101 2008 1147 2079 ‹le
1172 2006 1246 2100 ejus
1286 2038 1291 2045 ·

126 2108 223 2176 obitu
236 2109 368 2177 Romae
381 2106 649 2199 percrebruerat.
699 2106 771 2175 Sed
787 2117 970 2201 utcumque
982 2121 1053 2200 ost,
1075 2113 1155 2181 indo
1178 2111 1243 2180 sal·

126 2220 196 2279 tem
217 2210 252 2278 id
271 2210 464 2295 conficitur,
489 2209 708 2278 vehementer
727 2210 799 2278 falli
819 2233 896 2298 eos,
928 2213 986 2303 qui
1000 2213 1118 2307 ipsum
1138 2215 1246 2284 Biba-

127 2315 241 2382 culum
261 2336 304 2381 eo
317 2322 472 2404 tempore
485 2313 552 2381 vita
559 2311 636 2405 jum
655 2312 835 2381 excessisse
857 2313 1055 2407 opinantur,
1083 2338 1152 2407 quo
1168 2315 1247 2384 Hu-

126 2417 228 2485 ratius
248 2416 344 2484 Libri
365 2416 408 2484 ll.
442 2415 587 2487 Satirurn
607 2414 757 2509 quintam
777 2438 808 2499 ‚⁸-
833 2414 878 2491 U.
900 2415 941 2489 0.
962 2414 1051 2489 tto.
1073 2420 1245 2493 scriberet.

127 2518 256 2589 Confer
270 2513 307 2614 ς.
324 2517 360 2586 3.
378 2519 422 2588 Ν.
440 2517 502 2591 ll.
1215 2514 1218 2519 ’

228 2621 337 2689 Ροπο
353 2620 445 2695 idem
458 2621 637 2695 Suetonius
651 2619 696 2691 (lo
709 2620 830 2695 Illustr.
844 2618 907 2695 Gr.
923 2642 954 2693 o.
971 2618 1031 2707 ll.
1057 2620 1127 2692 (luo
1138 2621 1246 2693 Biba-

127 2707 339 2816 ouli’profert
350 2723 611 2815 epigrammata,
635 2724 763 2792 ironiae
779 2733 815 2792 et
833 2725 1006 2794 aculeatae
1020 2726 1247 2819 ambiguitatis
1296 2812 1302 2824 ⁸

125 2828 244 2919 plena,
270 2826 390 2916 quibus
406 2828 549 2916 probet,
574 2825 745 2895 Valerium
760 2823 945 2915 Catonem,
970 2827 1276 2913 Grammaticurn·

127 2929 172 2998 ad
194 2938 378 2997 extremam
397 2950 506 3017 nsque
531 2937 738 2999 senectutem
758 2928 795 2995 in
818 2950 948 2997 summa
970 2940 1172 3023 paupertate
1193 2931 1246 2997 ri·-

126 3032 230 3121 xisse,
256 3042 436 3123 postquam
452 3028 524 3125 ejus
543 3030 623 3099 uilla
636 3030 831 3101 Tusculana
849 3031 1070 3105 oreditoribus
1091 3042 1246 3113 cesserat.

127 3134 223 3202 Prius
238 3134 284 3201 ita
302 3133 474 3204 sehabet:

231 3235 274 3307 Si
299 3238 376 3329 puis
389 3235 495 3331 sorte
518 3234 590 3304 mei
613 3233 758 3303 domum
793 3232 939 3306 Catonis

205 3330 404 3430 ¹Depictus
428 3338 535 3408 minio
559 3337 718 3422 ursulus,
743 3342 778 3406 et
801 3336 883 3408 illos

233 3439 406 3510 &stodes
427 3442 526 3511 uidet
549 3438 681 3510 boriali
704 3438 873 3531 Priapos,

227 3540 400 3629 Miretur,
424 3542 549 3635 puritas
572 3542 634 3613 ille
657 3542 854 3635 disciplinis

234 3645 389 3715 Tantum
411 3647 458 3717 sit
480 3646 693 3743 sapientium
718 3651 912 3735 assecutus,

194 3947 244 4015 lu)
274 3945 438 4000 Vocabulum
460 3943 556 3999 obliuio
579 3944 745 4001 scribendum
775 3948 835 4000 eret
854 3940 947 3997 littora
973 3934 1070 3993 lultluli
1092 3934 1246 4003 minuta,

124 4015 334 4085 qnandoquidem!
352 4016 445 4068 ακΙοΙιι
460 4030 536 4068 tonsu
553 4014 636 4085 norlpl
653 4014 747 4077 usos,
770 4020 840 4081 quo,
861 4016 928 4065 teste
942 4005 1069 4063 Samnio
1091 4006 1119 4061 t.
1137 4008 1180 4061 ΙΙΙ.
1197 4008 1245 4061 (ir.

125 4102 150 4139 ο.
165 4087 219 4151 2⁰,
238 4088 268 4138 0.
284 4085 374 4140 Julius
390 4082 514 4155 Hyginus
530 4082 616 4138 dietus
630 4091 672 4139 ost
688 4083 834 4147 Historiar-
847 4080 882 4137 ιδ
921 4117 930 4132 .
952 4078 974 4133 l.
991 4078 1027 4130 ul.
1042 4076 1188 4130 numu.
1208 4076 1244 4129 Τ.

124 4154 159 4207 ll.
176 4174 202 4223 p.
216 4155 278 4209 ost.
297 4156 437 4209 cautem
454 4153 481 4207 lu
497 4154 550 4207 lior
566 4170 644 4207 versu
662 4152 759 4235 noerbu
775 4151 843 4205 laert
864 4144 1246 4271 sambiam
