2768 4838
416 298 479 351 aa
529 297 735 349 aanvro
786 295 969 348 nonna
1208 270 1262 347 ll

133 449 193 520 bus
214 454 347 518 eaumta
364 445 528 538 Horatio,
559 445 796 540 hujuscemodi
818 444 1014 515 deliciarum
1035 467 1076 514 ao
1097 462 1257 515 venerum

128 552 235 641 osori,
261 552 389 644 passim
401 551 438 620 in
452 552 671 621 sermonibus
688 552 733 622 et'
744 549 909 643 carpendi
928 559 963 621 et
980 546 1176 620 ludificandi
1192 549 1254 618 dc-

127 655 252 725 dissent
273 655 458 722 materiam.
634 716 637 721 ,
1179 694 1181 699 -

228 757 329 843 Quae
350 780 428 824 eum
448 756 495 825 ita
514 756 596 844 sint,
622 758 742 846 nemo,
767 753 906 847 opinor,
932 752 1012 840 erit,
1038 752 1118 844 quin
1131 751 1253 821 intelli-

125 867 205 952 gat,
231 860 494 949 qua'm'alienum
511 860 558 931 ,ab
576 860 669 927 omni
690 861 732 927 sit
749 855 1049 943 verisimilitudine,
1076 853 1254 943 Orbilium,

126 985 298 1031 morosum
314 964 408 1031 illum
423 973 458 1030 et
471 963 625 1052 antiquae
641 962 835 1053 ‹liseiplinae
849 959 1109 1061 amantissimum
1126 958 1253 1027 Gram-

125 1066 304 1153 maticam,
333 1067 367 1133 iu
382 1064 504 1134 scholis
520 1060 655 1151 Laevii,
681 1065 830 1154 aequalis
844 1064 993 1153 itemque
1007 1062 1087 1130 mali
1102 1071 1138 1131 et
1151 1063 1253 1155 igno-

125 1168 202 1239 bilia
223 1178 366 1259 poetae,
397 1168 544 1236 carmina
575 1167 689 1260 pueris
710 1167 872 1254 dictasse,
902 1176 941 1235 ut
961 1163 1043 1233 nihil
1067 1164 1112 1242 de
1134 1186 1252 1234 eorum

126 1280 327 1363 argumento
345 1271 476 1359 dicam,
504 1271 598 1360 quod
612 1291 680 1362 ego
696 1279 831 1361 contra,
862 1291 903 1337 ae
919 1266 1094 1360 Bentlejus
1107 1268 1251 1362 judicat,

126 1374 342 1455 abhorruisse
360 1376 504 1443 arbitror
523 1371 761 1464 a'bOrbiliana
777 1371 971 1464 disciplina,
996 1371 1032 1438 in
1051 1392 1120 1459 qua
1136 1370 1253 1442 Hora-

126 1479 175 1557 ¹tio
203 1499 314 1569 puero
340 1479 481 1570 contigit
502 1474 644 1546 Romae
668 1468 799 1545 nutriti
825 1483 933 1568 alque
956 1473 1098 1559 duceri,
1136 1475 1252 1544 Mutuo

130 1576 258 1671 Grojia
276 1588 446 1671 wantum
467 1580 640 1651 nomam
659 1579 840 1668 Aelnillee,
869 1586 908 1648 ut
927 1579 1003 1673 ipse
1024 1576 1134 1670 Epist
1154 1577 1198 1651 lt
1217 1576 1252 1653 2.

125 1704 158 1750 v.
173 1681 237 1751 41.
250 1682 298 1752 ait
322 1683 398 1777 14).
861 1736 873 1751 .

127 1961 132 1973 ’
193 1948 245 2019 lt)
268 1949 359 2019 Quam
372 1947 610 2017 Bmllcjuelnenii
628 1947 824 2034 notemur
834 1962 981 2019 eoumque
997 1951 1185 2021 mmmm
1206 1964 1253 2005 aa·

126 2018 231 2143 Leandis
246 2019 335 2087 paula
346 2019 435 2088 magis
444 2020 672 2074 eoeommcdatum
684 2020 765 2072 inme
775 2019 855 2081 dicit,
873 2019 985 2088 ideaque
995 2021 1129 2090 analecta
1151 2036 1184 2074 ea
1197 2036 1254 2074 erre

127 2153 131 2161 ¹
166 2088 266 2143 rabolis
281 2090 315 2143 ab
329 2087 432 2143 Orbilio
450 2094 477 2143 et
496 2094 621 2143 marrata
633 2088 802 2143 verisimilia·
816 2088 965 2156 minimat,
986 2106 1068 2158 qaam
1086 2089 1165 2158 opica
1182 2089 1253 2145 tavit

127 2155 269 2225 Andronici
287 2158 419 2227 carmina,
441 2174 552 2224 vereor,
577 2175 611 2211 ne
626 2176 687 2211 enm
708 2159 836 2212 bonoram
849 2159 967 2213 omnium
980 2158 1053 2213 illiue
1073 2159 1133 2214 aevi
1149 2156 1253 2214 llama·

126 2242 239 2290 mm,
255 2231 314 2279 tum
326 2226 448 2295 inprimis
458 2227 558 2281 Orbilii
569 2229 694 2281 Manibne
709 2228 759 2281 liat
776 2227 891 2293 injuria,
916 2245 996 2297 quem
1015 2245 1067 2283 non
1084 2228 1172 2298 ιιιῄι
1186 2234 1251 2296 pute

127 2296 257 2361 eiusmodi
268 2297 416 2353 carminum
434 2296 543 2350 deliciae
560 2302 587 2351 et
604 2297 776 2366 poetillarum
792 2314 896 2350 amores
915 2297 1004 2366 pueris
1022 2298 1149 2363 dicture,
1171 2314 1252 2366 quam

127 2364 248 2418 damon
264 2381 311 2418 eor
326 2365 415 2436 longis
427 2365 572 2420 rationibus
583 2381 669 2420 assem
682 2366 709 2418 in
727 2371 815 2434 parter
836 2371 941 2418 centnm
957 2367 1094 2428 diducere,
1116 2372 1148 2420 at
1160 2366 1252 2421 verbis

124 2434 235 2490 tamnu
248 2435 281 2489 d.
296 2435 328 2489 Ρ.
341 2452 367 2487 v.
379 2432 434 2488 329
446 2441 515 2491 utar.
557 2435 639 2500 (lujne
657 2433 763 2503 quidem
779 2434 819 2488 rei
838 2435 912 2491 testie
929 2441 969 2488 ent
988 2435 1043 2502 ipse
1057 2437 1141 2489 Pacta
1158 2435 1252 2501 seat,

124 2504 155 2568 ll,
167 2504 186 2556 ‘l
196 2521 240 2572 eq,
255 2504 289 2558 de
305 2505 504 2573 eua..proleneas
519 2510 608 2589 pure:
632 2507 678 2575 qai
693 2521 781 2558 nacco
795 2522 899 2588 fereper
914 2506 1003 2575 agella
1021 2505 1114 2560 Noluit
1128 2505 1158 2558 t‘n
1175 2507 1254 2560 liant

126 2572 219 2626 lodoin
234 2589 277 2626 ate
293 2575 411 2638 mittere,
432 2590 527 2643 magns
544 2574 601 2640 Quo
616 2575 693 2643 paeri
708 2591 815 2645 anagnu
832 2591 846 2627 e
863 2575 1055 2629 centurionatus
1069 2573 1136 2639 orti,
1162 2575 1252 2630 Laena

124 2643 245 2710 menei
261 2644 356 2695 locrdm
372 2644 541 2765 tabulam
557 2644 670 2710 looerto,
697 2645 776 2696 ibant
792 2644 890 2696 octanie
904 2647 1047 2710 reference
1062 2643 1153 2697 ldibaa
1168 2661 1251 2709 aerae

125 2712 181 2765 Sed
193 2728 305 2780 marum
322 2719 361 2766 eat
377 2729 457 2766 auem
542 2730 586 2765 am
599 2721 708 2782 portem
726 2714 870 2766 docendam
885 2715 979 2779 Artee,
1003 2730 1069 2783 qaae
1084 2714 1178 2767 docet
1193 2716 1251 2784 qai-

124 2781 168 2833 ca‘e
183 2797 261 2850 quer
275 2787 355 2850 atque
372 2784 484 2835 Senator
500 2783 587 2836 Senot
599 2790 753 2851 prognatae.
800 2779 901 2849 Atqn'e,
926 2781 972 2850 qui
990 2798 1071 2853 supra
1089 2799 1122 2835 ex
1138 2784 1252 2837 reconda
1314 2836 1319 2846 ,

123 2848 245 2917 Epistola
261 2849 335 2903 Libri
352 2850 386 2906 ll.
409 2867 486 2903 ame
501 2852 597 2904 allatus
614 2860 653 2904 cst
669 2851 759 2916 loeus,
783 2851 940 2904 documento
962 2857 1017 2921 est,
1037 2852 1172 2906 (lrbilinm
1189 2870 1252 2922 pne

123 2934 219 2983 rernm
234 2918 423 2972 institutionem
439 2921 475 2974 ab
491 2919 603 2972 Homeri
620 2920 731 2974 lectione
754 2937 811 2973 etse
824 2921 1009 2988 ampieatam,
1031 2927 1061 2975 nt
1077 2927 1180 2991 nutare
1196 2923 1253 2977 ani-

123 3004 187 3042 mun
202 2987 305 3041 heroici
320 2988 445 3042 carminis
460 2988 623 3043 sublimitate
637 2994 789 3059 assurgeret
805 2994 832 3044 et
848 3005 881 3043 ex
900 2989 1083 3059 magnitudine
1098 3008 1188 3044 rerum
1205 2993 1253 3045 du-

123 3062 198 3110 ceret
213 3052 329 3125 spiritns.
376 3059 467 3125 Neque
487 3059 540 3110 hoe
562 3059 707 3125 praeclare·
720 3059 870 3112 inetitntnm
894 3060 979 3128 aedua
1001 3059 1136 3114 refrixisse
1157 3062 1253 3115 diserte

123 3132 256 3195 tutantur
270 3127 371 3181 Plinius
388 3129 471 3194 Epist.
488 3128 549 3181 Lib.
563 3129 596 3181 ll.
610 3128 650 3181 ta.
668 3133 693 3195 §.
708 3128 750 3191 2.,
767 3127 946 3195 Quintilianus
965 3129 985 3182 l.
1007 3129 1054 3183 Or·
1067 3129 1127 3185 nia.
1152 3132 1173 3184 l.
1186 3147 1210 3182 c.
1223 3130 1251 3185 8.

123 3198 153 3263 S.
163 3193 191 3250 b·
206 3195 241 3248 Τ.
252 3196 273 3249 l.
286 3214 312 3264 p.
329 3197 389 3250 194.
408 3197 454 3265 Sp.
470 3203 513 3260 ct,
529 3215 608 3265 quem
622 3215 706 3266 nuper
718 3197 894 3260 Niebnbriua,
911 3203 941 3249 ut
953 3215 986 3250 ex
997 3199 1043 3251 vr.
1054 3198 1107 3251 Th.
1118 3199 1251 3253 Walclreri

77 3316 81 3321 .
122 3265 215 3319 anate.
228 3265 255 3318 d.
280 3266 450 3319 Plrilortratis
470 3283 497 3333 p.
519 3268 577 3321 LlX
595 3284 635 3334 aq.
652 3267 693 3319 cd.
712 3267 811 3320 lacobe
830 3266 965 3332 intellexi,
985 3268 1147 3321 mediatore
1165 3271 1253 3323 seculo

123 3334 206 3390 necto
220 3351 247 3403 p.
263 3335 327 3388 Glrr.
346 3342 371 3390 π’.
387 3335 545 3400 vindicavit,
576 3336 714 3390 Petronios
733 3335 790 3390 Sal.
813 3354 837 3389 e.
854 3335 897 3403 9.,
920 3336 991 3404 adq.
1009 3338 1029 3389 l.
1045 3336 1068 3389 ei
1085 3337 1253 3395 Burmannus

126 3403 164 3457 Τ.
185 3404 207 3457 Ι.
234 3412 260 3471 pi
277 3403 322 3456 32.
339 3422 371 3457 ex
388 3404 479 3458 Ovidii
503 3404 584 3459 Trist.
610 3407 646 3459 ΙΙ.
668 3404 729 3460 969.
772 3406 885 3476 Ὲαῦυῑα
902 3407 1015 3474 jucundi
1036 3407 1110 3459 nulla
1135 3415 1174 3462 eet
1196 3409 1252 3463 eine

124 3489 217 3527 move
238 3474 393 3528 Menandri:
428 3476 466 3527 Et
489 3476 555 3529 eolet
577 3476 619 3528 lie
632 3477 723 3544 puceu
744 3476 938 3545 virginibusque
954 3476 1026 3546 tegle
1050 3475 1168 3545 colligit,
1187 3480 1252 3531 'Me-

124 3542 222 3597 nandri
238 3543 343 3595 tabulas
358 3544 386 3596 in
403 3544 502 3596 scholis
516 3546 662 3611 praelectae
684 3545 866 3612 monueris,
895 3561 928 3607 ea
948 3545 1055 3613 quider'n
1076 3543 1104 3598 in
1125 3547 1253 3602 certantia

124 3612 294 3683 querentem
311 3613 362 3666 sibi
378 3614 473 3667 hebuit
488 3614 622 3667 Valerium
639 3614 666 3665 in
684 3615 832 3668 Emendatt.
850 3614 911 3666 Lib.
922 3613 955 3669 ll.
974 3630 997 3664 c.
1011 3614 1038 3667 b'.
1062 3630 1088 3681 p.
1101 3612 1144 3669 54.
1162 3622 1188 3669 et
1206 3634 1249 3669 aa·

124 3680 281 3736 manetem
297 3682 449 3735 llarlesium
474 3684 509 3736 ad
525 3683 643 3736 Fabricii
665 3683 738 3736 Bibl.
759 3684 808 3737 Gr.
831 3684 889 3736 Vol.
908 3683 941 3734 ll.
967 3700 992 3749 p.
1012 3680 1074 3737 995.
1120 3685 1249 3752 Equidem

125 3767 191 3804 vero
207 3767 313 3819 promus
329 3753 465 3821 suffragor
481 3753 657 3807 eruditissimo
673 3753 823 3819 Meinelrio,
839 3752 886 3821 qui
900 3751 928 3804 in
942 3752 1078 3806 Menandr.
1095 3758 1122 3807 et
1136 3755 1250 3812 Philam.

124 3819 215 3887 Reliq.
233 3837 258 3886 p.
275 3821 373 3876 XXIX.
390 3821 526 3874 verissime
543 3828 647 3886 monet,
668 3839 700 3874 aa
716 3822 807 3876 Ovidii
827 3822 886 3874 loco
904 3819 972 3874 uilril
994 3821 1067 3875 aliud
1087 3823 1177 3890 sequi,
1196 3826 1251 3891 nisi

126 3888 266 3944 Menandri
281 3891 386 3944 tabulas
402 3908 419 3944 a
435 3892 523 3958 paeda
539 3900 566 3945 et
581 3891 731 3960 virginibus
746 3908 850 3944 enmono
868 3907 929 3942 cum
944 3891 1032 3945 studio
1044 3908 1101 3944 erec
1114 3892 1250 3948 lectitataa.

125 3962 189 4017 ,lem
206 3958 229 4012 ei
245 3976 281 4013 aa
295 3960 472 4014 Menandrum
487 3960 608 4028 quidem,
624 3962 701 4013 illum
719 3956 841 4027 φαιδρὰν
857 3957 970 4026 ἑταῖρον
978 3955 1118 4028 Ἔρωτος,
1126 3966 1250 4033 Σειρῆνα

126 4025 274 4096 θεάτρων,
291 4031 366 4098 (vid.
380 4031 428 4084 Br.
447 4031 524 4084 Anal.
545 4031 578 4085 N.
597 4031 703 4083 lllallll.
721 4032 769 4084 lll.
790 4029 853 4083 269.
869 4031 902 4083 Τ.
916 4031 962 4084 lv.
978 4047 1005 4098 p.
1029 4029 1091 4084 tat.
1108 4032 1198 4102 Liar.)
1223 4035 1250 4087 iu
1277 4035 1280 4039 ’
1323 4049 1330 4075 t

125 4099 196 4152 ludis
204 4099 339 4165 juventuti
351 4101 511 4168 praelectum
525 4117 581 4153 esse
599 4105 671 4153 certo
684 4105 799 4165 ecculm
815 4099 874 4166 quie
892 4099 996 4165 credat,
1013 4099 1160 4160 Orbilium.
1178 4119 1251 4155 seve·

126 4168 205 4223 riorie
218 4173 335 4222 naturae
347 4170 522 4240 magistrum,
539 4169 655 4223 lloratio
673 4169 781 4236 ejusque
797 4168 1017 4223 commilitonibus·
1033 4169 1145 4223 dietam
1160 4172 1252 4224 laevii

126 4236 347 4363 glirffitopaeggiuiv
363 4240 461 4307 libror,
479 4240 624 4310 petulantia
646 4239 761 4309 quadum
786 4245 814 4296 et
834 4255 957 4294 amoram
981 4237 1082 4292 lusibus
1103 4240 1254 4309 deliciisque

186 4315 275 4364 uenter
1146 4318 1150 4325 “
