2768 4838
26 264 30 321 1

25 378 30 531 .

212 278 266 354 50
510 302 572 352 os
611 302 815 352 uunrro
853 301 1040 351 roura.

321 450 436 525 codd.
462 449 547 520 Msti
584 474 649 545 pru
680 450 869 540 Laeuium,
908 459 947 520 ut
984 449 1061 545 jam
1093 474 1195 545 supra
1228 448 1264 549 §.
1303 390 1339 527 4.

215 557 348 643 meniu,
373 555 500 625 habent
524 556 704 641 Laelium,
739 555 835 647 eujus
860 557 993 623 nomine
1017 557 1086 624 lioc
1112 557 1341 648 fragmentum

216 683 295 729 eum
320 605 374 727 alii
392 658 555 745 laudant,
579 669 651 727 tum
665 660 765 727 etiam
778 659 959 727 Salmasius
972 657 1017 729 ad
1029 659 1183 728 Solinum
1203 683 1238 751 p.
1252 659 1340 743 flul.

215 764 288 833 Sed
312 761 418 830 Hadr.
445 762 566 831 «lunius
591 763 822 832 Animadvers.
863 783 898 851 p.
931 760 1018 829 013.
1054 771 1087 829 et
1111 762 1166 832 El.
1201 764 1340 833 Vinctus

214 868 248 936 in
274 867 444 935 Annotatt.
473 864 509 932 in
532 866 672 933 Ausonii
698 864 795 933 Ceut.
821 864 926 955 Nupt.
950 888 986 956 p.
1003 862 1091 932 413.
1118 864 1173 933 ed.
1195 865 1339 935 Scriver.

17 962 24 1009 ”
113 974 118 983 ’
214 970 313 1038 Livio
337 967 530 1036 Andronico
562 967 646 1035 illud
670 968 880 1052 adscribunt,
919 968 1119 1057 quibuscum
1144 968 1225 1036 facit
1250 970 1340 1039 sauss

215 1072 323 1141 lenius
357 1070 401 1138 ad
432 1071 623 1141 Terentiam
649 1070 700 1139 M.
733 1094 769 1162 p.
795 1068 881 1139 232.
914 1070 1008 1162 Seip.
1040 1070 1182 1139 Gentilis
1214 1070 1273 1142 lot.
1300 1074 1340 1141 -iu

216 1174 406 1246 comment
430 1175 465 1241 iu
489 1174 531 1244 L.
557 1173 696 1266 Apuleji
710 1174 863 1266 Apolog.
890 1172 1039 1262 (Ηιιιοι.
1057 1172 1187 1266 leot.)
1199 1198 1236 1266 p.
1252 1172 1338 1244 lua.

216 1278 374 1369 ambigit,
407 1286 519 1345 utrum
549 1276 584 1348 lu
608 1278 632 1344 1.
665 1298 789 1345 nomeu
803 1274 806 1279 ’
821 1275 963 1364 Laeuii,
1001 1300 1045 1345 au
1072 1278 1184 1375 potius
1219 1276 1341 1347 Cassii

214 1381 340 1465 Bassi,
365 1389 489 1472 poetae
514 1379 627 1469 lyrici,
651 1387 737 1448 teste
763 1378 975 1465 Quintiliano¹
988 1380 1015 1449 l.
1033 1377 1094 1451 Or.
1107 1381 1151 1448 X.
1168 1378 1202 1448 1.
1225 1376 1261 1475 3.
1276 1379 1338 1450 aa.

214 1486 256 1553 cf.
275 1482 485 1552 Wemsdorf.
511 1483 550 1550 P.
567 1482 610 1551 L.
626 1478 677 1552 M.
703 1483 746 1549 T.
763 1482 821 1552 lll
844 1506 880 1574 p.
903 1482 1075 1565 xxxiii,
1102 1483 1144 1551 sit
1167 1506 1338 1575 reponen-

213 1588 307 1656 dum
374 1586 455 1655 dam
479 1584 614 1677 Lipsius
638 1584 756 1653 maluit
778 1607 845 1677 pro
872 1582 1035 1654 Laelium
1058 1583 1130 1677 legi
1153 1586 1339 1673 Laeuium,

212 1698 349 1759 notante
376 1686 516 1775 Calvio,
545 1697 584 1755 ut
608 1687 766 1757 eumdem
790 1689 945 1781 Scaliger
968 1688 1002 1757 iu
1028 1687 1189 1758 Cataleot.
1214 1712 1241 1781 p
1276 1690 1337 1761 44.

209 1793 282 1862 et
272 1815 309 1859 m
333 1791 459 1861 Ausoa.
482 1790 593 1864 Leett.
611 1790 662 1878 ll,
687 1790 748 1860 24.
772 1792 814 1860 el.
827 1791 967 1860 Ausonii
986 1788 1082 1883 Opp.
1104 1816 1140 1884 p.
1166 1789 1252 1861 514.
1282 1794 1338 1865 ed.

213 1895 305 1964 Toll
330 1894 498 1999 reposuit,
527 1895 695 1985 probante
719 1895 848 1963 ibidem
870 1894 1055 1965 Smirerio·
1088 1896 1209 1989 quibus
1236 1920 1337 1965 aoce-

214 1999 299 2067 dunt
323 1976 626 2066 Almeldveenius
617 2018 652 2065 m
678 1994 809 2090 Opusc.
838 2021 875 2090 p.
902 1996 1001 2085 ltu,
1025 1996 1258 2068 Broulrhusius
1291 2000 1338 2068 ad

213 2101 370 2192 Propert.
387 2099 447 2169 lll.
471 2098 508 2168 4.
538 2098 598 2170 8⁰
612 2123 650 2192 p
672 2098 778 2187 234,
810 2098 998 2169 Οιιιιιιιιι
988 2123 1022 2168 ιιι
1042 2095 1159 2175 Anal.
1162 2126 1197 2194 p.
1212 2099 1273 2171 55.
1302 2112 1337 2171 et

211 2202 440 2311 Leunepius
428 2224 466 2271 ιιι
486 2202 645 2275 Addeud
674 2203 720 2272 ad
741 2202 890 2275 Souteuii
904 2203 1096 2276 Terentiam
1119 2203 1171 2271 Μ
1195 2229 1230 2297 p
1247 2205 1335 2280 43³.

212 2306 315 2399 atque
342 2307 390 2374 ita
410 2307 530 2393 ιιιὶιιιι,
549 2305 850 2397 praeeuntibus
830 2328 908 2399 Jum
927 2305 1108 2390 Vulcania,
1146 2307 1336 2395 Wowerio,

210 2408 477 2497 Elmenhorstiu,
503 2407 607 2476 edidit
631 2432 739 2501 nuper
765 2409 865 2478 Joau.
891 2408 1045 2479 Bossolua
1065 2410 1109 2478 T.
1129 2410 1173 2479 Il.
1197 2411 1336 2503 putto.

212 2513 283 2597 Qui
295 2510 468 2581 Iaaeuium
492 2510 577 2579 lrie
562 2533 725 2580 revenere
744 2512 815 2580 Viri
839 2511 957 2600 Docti,
982 2512 1019 2581 id
1043 2513 1273 2605 fragmentum
1292 2539 1336 2585 ex

212 2614 286 2707 ejus
310 2614 589 2707 Erotopaegnion
613 2636 720 2706 opere
744 2638 817 2683 esse
843 2624 1057 2685 oemuerunt.
1081 2615 1119 2685 id
1145 2614 1238 2707 quod
1255 2641 1336 2687 eum

209 2718 444 2788 Jambicorum
468 2717 687 2786 dimetrormn
710 2718 819 2805 ratio,
838 2726 911 2786 tum
933 2740 1079 2787 manure
1093 2728 1210 2788 eorrnu
1227 2744 1335 2814 argu-.-

111 2910 115 2915 ,
210 2828 361 2889 mentum
394 2818 498 2889 docet
530 2828 566 2888 et
597 2820 748 2910 suadet‚·
772 2842 851 2891 aum
881 2821 933 2891 roi
964 2822 1118 2914 magicae
1149 2824 1185 2891 in
1217 2846 1335 2893 amore

211 2946 290 2992 usus
316 2922 493 2992 sollemnis·
510 2929 617 2992 esset:
650 2922 753 3013 deq.
784 2946 823 2993 re
853 2923 889 2992 in
919 2924 1110 2993 uuiversum
1141 2926 1335 2995 conferatur

211 3024 422 3097 'liudemum
446 3024 649 3095 deorumn
672 3027 794 3118 magio.
821 3027 952 3119 origine
976 3052 1012 3120 p.
1031 3026 1083 3097 oa
1100 3052 1150 3118 sq.
1166 3028 1333 3099 Caetero-

208 3129 291 3221 quia
314 3136 424 3197 totum
445 3120 517 3196 lroe
541 3130 658 3199 Laevii
681 3129 907 3224 fragmentum
935 3129 1060 3199 Graeci
1085 3133 1230 3224 exempli
1254 3134 1333 3201 imi-

207 3234 367 3303 tationem
390 3230 560 3301 redolet

314 3332 445 3406 -ι.1.
477 3328 658 3404 Salmasius
683 3335 728 3403 ad
741 3330 846 3405 Solia.
860 3334 927 3406 le.
939 3334 1023 3404 seito
1046 3335 1213 3426 observat,
1237 3337 1331 3408 Lae-

146 3416 153 3423 *
209 3438 302 3508 vium
334 3438 371 3513 lr.
396 3438 419 3507 l
450 3431 562 3561 primo
593 3438 745 3532 posuisse
776 3432 826 3511 ια
859 3436 1003 3533 apage.
1034 3448 1107 3509 tum
1139 3434 1190 3512 ια’
1215 3469 1329 3543 pura,

208 3551 381 3634 postrem
413 3535 464 3614 ‘roi
495 3541 578 3629 coia.
644 3541 735 3611 Hine
766 3548 859 3609 reete
891 3564 957 3632 pro
990 3543 1090 3635 Vulg
1115 3538 1334 3665 antipam&

208 3646 309 3713 tuitus
335 3654 387 3713 est
410 3645 630 3738 antipathes,
656 3644 852 3735 quodcum
868 3644 989 3713 Calvio
1014 3646 1058 3714 de
1073 3668 1221 3739 gemma·
1232 3648 1330 3741 nigra

209 3747 445 3838 explicandum
470 3757 557 3833 est,¹
554 3747 669 3839 cujus
693 3749 841 3817 meminit
866 3747 995 3840 Ctesias
1024 3750 1117 3842 apud
1142 3751 1330 3820 stobaeum

210 3848 411 3922 ccxlfl.
390 3876 473 3944 ορος
504 3849 581 3925 ισιὶ
613 3850 676 3948 τῆς
707 3850 855 3931 Μυσίαι
889 3832 1058 3946 Taddpoc
1089 3846 1326 3945 καλούμενον,
1371 3943 1375 3951 Ι

206 3952 379 4045 rennuitae
405 3949 434 4024 δ’
461 3956 500 4026 ἐν
526 3948 628 4049 αυίῳ
651 3952 755 4034 λίθοι
780 3947 1328 4076 uoraaudricopoaovouugdua

206 4080 290 4143 νος,
323 4053 361 4135 ὸς
392 4047 565 4128 κάλλιστα
599 4062 714 4131 notai
721 4082 812 4183 apoc
837 4050 974 4152 ἅλφοιις
1005 4056 1066 4129 uui
1097 4059 1245 4152 λέπρας.
1281 4056 1328 4132 δι

205 4159 302 4231 οἴνου
343 4151 562 4251 τριβόμενος
598 4158 668 4230 uni
688 4165 780 4240 τοῖς
818 4158 1019 4249 ιιιέσχοισιν
1060 4163 1326 4254 ἐπιτιθέμενος.

202 4259 269 4332 vid.
287 4258 430 4332 Ctesias
451 4256 562 4329 Cnidii
576 4259 672 4354 Opp.
686 4262 800 4354 Reliq.
791 4284 857 4357 .p.
847 4261 960 4333 8.48.
980 4260 1198 4353 murem,
1224 4263 1324 4333 item-
