2768 4838
353 293 464 346 oisc.
489 293 656 346 uxorio
683 292 818 345 crura
840 242 1006 350 roura
1047 310 1050 315 ⁴
1166 250 1245 343 iur'

124 450 229 521 fuisse
251 446 405 520 Caesaris
427 451 592 540 amicum,
631 452 762 545 quippe
781 473 884 540 quein
914 451 1056 544 dignum
1075 452 1245 541 ¹censeret,

125 555 180 623 cui
199 563 270 622 tani
284 563 414 623 secreta
428 554 629 648 legibusque
644 555 865 648 reipublicae
884 556 1048 622 contraria
1060 577 1133 640 res,
1158 578 1245 644 qua·

124 659 165 727 lis
179 657 236 724 illa
250 658 306 726 lex
318 658 398 745 fuit,
425 658 692 729 concrederetur.
742 657 899 725 Eandem
915 657 987 749 ejus
1006 680 1085 741 cum
1099 657 1247 729 Caesare

10 770 13 794 '
124 759 304 830 amicitiam
315 757 521 829 contestatur
537 763 639 830 etiain
651 755 851 829 Plutarchus
865 760 898 828 iii
913 761 978 828 Vit.
994 760 1130 829 Caesar.
1147 784 1176 830 c.
1184 759 1246 834 68.

124 865 170 934 Τ.
185 863 244 933 Ν.
259 885 295 955 p.
313 861 399 931 291.
417 864 461 935 R.
513 862 651 945 Κίννας
683 865 725 937 δέ
747 888 803 944 τις
827 863 903 934 τοίν
927 862 1160 958 Καίσαρος
1141 863 1248 936 εταί-

125 992 199 1092 puin
233 965 338 1056 ἔτυχε
370 965 475 1091 piu,
499 964 545 1046 νίς
578 992 691 1062 φασι,
727 965 793 1062 τῆς
833 967 1088 1063 παρῳχημένης
1120 992 1250 1046 νυκτοο

125 1067 217 1162 ὄψιν
243 1061 406 1165 sopanus
439 1065 676 1142 tironos.—
708 1064 753 1147 oia
786 1063 822 1140 δ’
855 1065 1035 1188 p'liooomsns
1058 1070 1096 1141 ἑν
1130 1064 1249 1163 οίνορᾷ
1352 1092 1354 1099 ⁴

124 1198 171 1245 το
200 1171 305 1260 σῶμα
337 1169 511 1244 καίεσθαι
544 1170 614 1244 τοῦ
652 1169 856 1291 Καίσαρος,
891 1162 1051 1249 α’ναοτας
1085 1165 1249 1263 ἐβάδιζεν

124 1271 185 1349 ἐπὶ
208 1272 327 1370 τιμῇ,
343 1272 472 1369 καίτερ
498 1267 734 1370 ὑφορώμενος
758 1265 826 1368 τήν
856 1268 945 1393 ripis
966 1269 1051 1364 ἅμα
1081 1273 1143 1346 sat
1174 1298 1249 1345 νιν-

10 1459 14 1464 ,
125 1377 274 1503 pirvos.
299 1374 360 1448 ναί
385 1403 453 1465 τις,
481 1371 663 1472 ὀφθέντος
681 1371 810 1463 αὐτοῦ,
836 1374 911 1446 τῶν
926 1374 1112 1447 πολλῶν
1091 1400 1250 1471 apponas

125 1476 260 1598 ἑταίρῳ
285 1475 452 1570 τοῦνομα
477 1480 849 1601 πονθανομένῳ,-
882 1474 927 1557 o‘c
959 1471 1067 1558 οὗτός
1099 1479 1200 1550 ἐστιν
1225 1474 1250 1599 p‘

127 1572 220 1695 ολνήρ
248 1579 322 1654 ταῖν
346 1576 578 1678 ἀνῃρηκότων
602 1579 796 1677 Καίσαρα·
821 1577 883 1652 ναί
908 1570 978 1707 yolp
1002 1574 1048 1678 ἦν
1072 1606 1128 1659 τις
1153 1571 1249 1671 ὁμοί-

125 1688 239 1776 νομος
264 1680 384 1777 ἐκείνῳ
402 1685 540 1764 Κίννας
566 1687 605 1757 ἐν
630 1688 707 1765 τοῖς
730 1683 1067 1802 συνομοσαμένοις,
1094 1680 1138 1755 ὃν
1163 1681 1248 1755 τοιλ·

12 1796 14 1803 ’
124 1810 195 1858 τον
220 1780 314 1858 ιίναι
338 1781 606 1906 προλαβόντες,
633 1810 805 1882 ωρμησαν
831 1776 943 1863 ιῦθνλς
967 1811 1029 1873 ται
1020 1774 1269 1857 διίοααοαν’

127 1890 168 1960 ιν.
191 1888 290 1983 μέσῳ
316 1914 383 1961 τον
410 1885 620 1985 ἄνθρωπον.
671 1887 901 1957 certissimum
924 1895 990 1973 est,
1023 1911 1045 1955 a
1064 1885 1248 1971 Plutarcho

128 1989 275 2058 eundem
299 1991 479 2082 significari
497 1991 674 2078 Helvium,
700 2013 804 2080 quein
825 1989 1024 2081 scriptores,
1049 1992 1163 2082 paulo.
1171 1998 1248 2059 unte

128 2092 234 2179 citati,
260 2102 447 2162 memorant
468 2117 638 2186 quemque
657 2093 810 2162 Valerius
824 2091 1026 2163 Maximus
1006 2115 1088 2185 Jure
1108 2094 1249 2162 misera·

75 2192 78 2197 ’
126 2196 197 2264 bile
212 2195 316 2264 officii
337 2198 388 2264 sui
407 2197 586 2289 piaculum
600 2197 772 2290 appellat3
793 2200 909 2277 utrum
930 2217 1012 2265 vero
1034 2195 1063 2263 is
1086 2196 1250 2288 aitpoeta

127 2298 200 2386 ille,
234 2298 357 2368 Catulli
382 2301 526 2389 amicus,
563 2300 599 2368 id
622 2322 664 2369 ex
687 2300 726 2367 iis
748 2299 884 2385 saltem,
917 2320 1005 2388 quae
1024 2297 1186 2366 hactenus
1215 2299 1278 2365 in.

126 2400 277 2470 medium
297 2403 514 2494 protulimus,
539 2404 741 2494 scriptorum
759 2401 955 2469 testimoniis
977 2400 1112 2469 nonita
1135 2400 1250 2492 colligi
1365 2491 1369 2500 Ι

126 2505 332 2596 probarique
347 2515 476 2599 potest,
501 2514 540 2574 ot
554 2507 662 2575 nullus
680 2504 855 2575 dubitandi
867 2504 1013 2596 supersit
1028 2503 1133 2574 locus.
1184 2504 1249 2599 Ni·

127 2608 198 2677 liilo
211 2617 325 2677 tamen
333 2609 439 2677 secius
452 2608 541 2678 hano
551 2610 753 2702 opinionem,
766 2619 939 2698 tamquam
953 2607 1044 2676 omni
1058 2614 1250 2699 exemptam
1311 2635 1326 2669 .-

128 2704 336 2780 dubitatione
357 2713 504 2804 amplexi
525 2722 603 2781 snnt
622 2713 684 2780 viri
705 2711 797 2779 docti
817 2720 924 2801 'quam
944 2710 1096 2802 plurimi:
1130 2710 1164 2777 iii
1184 2709 1249 2795 his,

126 2822 263 2906 praeter
278 2815 317 2883 P.
326 2813 490 2883 Crinitum
504 2815 548 2884 de
562 2815 658 2892 Poet
673 2815 748 2882 Lat.
772 2837 802 2881 c.
820 2813 881 2882 30.
898 2821 933 2882 et
946 2811 988 2881 1..
997 2812 1189 2904 Gyraldum
1204 2811 1250 2881 de

128 2918 223 2985 Post.
232 2917 318 2988 Hist.
332 2918 421 2987 Dial.
438 2919 482 2989 X.
495 2941 531 3011 p.
545 2915 631 2986 sil.
650 2914 757 3009 opp,
772 2915 928 2985 Muretus
941 2924 976 2984 et
989 2914 1095 2985 Isaac.
1110 2915 1249 2985 Vossius

57 3085 60 3093 ,
128 3019 163 3088 iu
178 3021 257 3089 Not.
271 3019 444 3089 adCatull.
455 3018 709 3110 camxcvl,
724 3017 1081 3089 VictoiiusVar.Lect.
1089 3017 1130 3088 L.
1138 3017 1248 3085 xxii.
1364 3074 1374 3091 .

89 3129 92 3135 '
130 3146 160 3194 c.
174 3120 235 3193 13.
248 3146 283 3216 p.
299 3121 398 3211 265,
414 3123 685 3216 Glaudorpiusin
699 3121 824 3193 Onom.
839 3124 940 3190 Rom.
955 3118 1096 3213 pout,
1110 3121 1249 3188 Ruaeus

129 3225 175 3294 ad
187 3226 304 3320 Virgil.
323 3227 398 3296 Eol.
418 3227 478 3296 lx.
492 3251 524 3297 v.
545 3223 625 3313 35„
649 3226 789 3294 lmmau.
807 3225 975 3294 Weberus
998 3224 1033 3291 iu
1047 3224 1185 3315 Disseit.
1204 3221 1250 3292 de

129 3327 271 3400 Casibus
286 3330 421 3399 Poetar.
443 3331 609 3423 Tragicis.
629 3330 802 3422 Viteberg.
829 3325 941 3400 1714.
961 3349 998 3418 p.
1020 3325 1099 3412 32,
1128 3320 1255 3416 quibus
1349 3364 1355 3385 ι

128 3430 218 3500 ailde
234 3433 385 3501 Suetonii
404 3434 624 3526 Interpretes,
649 3433 883 3507 Burmannum
908 3439 943 3499 et
967 3426 1251 3520 Oudendorpium

128 3534 175 3602 ad
196 3535 267 3605 Jul.
292 3535 331 3608 Ο.
353 3561 383 3610 α.
408 3533 469 3606 85.
502 3546 536 3606 et
557 3537 822 3629 Baiungarten-
802 3533 1024 3604 -Crusium
1014 3554 1050 3600 ni
1068 3530 1141 3601 lud.
1162 3532 1251 3600 Hisi.

129 3638 267 3706 Sueton.
281 3662 317 3732 p
334 3639 394 3713 21.
415 3640 564 3734 itemque
578 3640 791 3708 Perizoniom
806 3647 840 3707 et
859 3635 1064 3707 Torrenium
1077 3634 1123 3703 ad
1137 3635 1249 3707 Valcr.

64 3776 68 3783 a
128 3740 268 3815 Maxim.
289 3743 349 3812 lx.
374 3742 409 3813 o.
434 3742 468 3812 l.
488 3767 525 3837 p.
548 3738 635 3812 835.
647 3744 767 3831 ,alii,
779 3742 837 3831 qui
861 3733 1161 3831 quidcmomnes
1151 3737 1253 3807 innixi
1362 3824 1365 3831 Ι

99 3877 117 3901 s·
130 3854 222 3932 suni,
247 3854 285 3913 ut
305 3845 454 3933 ridetur,
480 3848 557 3915 loco
574 3845 776 3914 Plutarclii'
766 3867 802 3912 in
823 3844 889 3913 vit.
904 3841 1048 3910 Brutic.
1066 3841 1126 3912 20.
1144 3841 1188 3911 Τ.
1203 3838 1251 3912 V.

128 3971 164 4038 p.
180 3895 267 4016 382.
281 3949 337 4037 R,
361 3952 481 4040 inquo
495 3950 552 4017 ille
566 3951 719 4041 scriptor,
744 3955 927 4041 postquam
939 3953 1151 4031 narraverat,
1174 3945 1251 4037 ple-

129 4051 206 4119 bis
196 3999 412 4143 impetuln,
403 4077 438 4122 in
460 4052 580 4121 domos
602 4072 840 4145 percussorum
860 4049 1013 4118 Caesaris
1035 4048 1182 4135 factum,
1206 4047 1255 4117 ab
1352 4140 1354 4145 Δ

129 4154 286 4276 iisfpisse
302 4157 494 4250 repulsum,
519 4157 566 4223 ita
559 4155 711 4282 pergit.
735 4149 781 4251 ἦν
807 4153 850 4227 δι’
871 4178 928 4234 τις
952 4150 1122 4241 Κίννας,
1137 4164 1252 4246 ’ποιη-

129 4284 229 4340 rasos
255 4253 368 4355 capp,
396 4257 501 4335 οὐδὲν
526 4257 590 4355 τῆς
616 4255 734 4338 αἰτίας
758 4256 943 4348 μετέχον,
975 4247 1068 4328 α’λλοί
1099 4250 1159 4372 ναί
1184 4249 1251 4346 φί-
1340 4312 1349 4325 .
