2768 4838
361 296 418 346 ne
445 299 477 347 e.
510 299 685 349 nrcrnro
711 300 853 351 convo
878 301 1035 352 ronne.
1202 280 1278 352 119

151 442 340 530 hementie,
372 452 513 515 testetur
545 447 646 516 etiem
670 448 803 542 Seneca
830 447 990 519 Controv.
1027 449 1105 518 Lib
1126 450 1187 519 ΙΙΙ.
1214 450 1272 535 10.
1328 510 1331 523 .

152 549 210 637 qui
223 569 301 615 eum
314 547 421 617 refert
440 551 528 618 adeo
549 552 751 621 concitatum
766 552 1070 643 vehementemque
1091 553 1193 623 fuisse
1214 578 1273 623 ec·
1305 542 1308 546 ’

152 661 359 748 mentorem,
391 661 429 723 ut
450 655 484 722 in
507 655 693 723 actionibus
714 654 895 725 excederet
915 657 1072 725 subselliu
1094 666 1129 725 et
1144 657 1273 749 impetu

151 755 258 821 elatus
276 776 384 843 nsque
397 757 433 823 in
447 757 713 827 adversariorum
721 766 834 850 partes
849 767 1090 843 transcurreret
1105 768 1150 845 et,
1168 782 1273 851 quum

152 855 192 924 G.
215 855 399 945 Catonern,
425 861 469 927 eb
491 860 608 928 Asinio
621 861 775 929 Pollione
796 862 841 930 de
855 862 1044 933 Tribunatu
1057 864 1271 955 postuletrnn,

151 959 369 1047 defenderet,
396 963 483 1031 adeo
501 985 579 1032 eum
590 965 705 1035 nnimo
721 964 881 1035 exarsisse
895 965 992 1051 dicit,
1017 976 1071 1049 ut,
1098 966 1177 1055 quie
1190 970 1272 1057 pnrss

151 1063 248 1129 vulne
270 1072 397 1131 statura
418 1075 524 1155 esset,
556 1066 592 1136 in
612 1067 690 1136 foro
713 1068 779 1161 24)
798 1068 929 1160 imponi
950 1091 988 1137 ee
1008 1091 1112 1161 supra
1135 1070 1273 1162 cippum

151 1220 361 1234 *-
386 1224 389 1231 ι

151 1297 222 1363 qnod
238 1312 334 1349 nomen
351 1294 481 1349 deducunt
496 1294 546 1350 elil
572 1310 633 1349 ev.
658 1302 738 1364 peter
759 1296 780 1351 i.
796 1312 821 1351 e.
843 1312 925 1381 puer,
948 1296 1067 1368 puellm,
1089 1295 1181 1368 purior
1203 1315 1274 1369 quee

85 1416 92 1425 ,
149 1382 202 1421 vox
219 1366 351 1419 invenitur
367 1364 395 1417 in
412 1365 538 1421 Cutelect.
554 1365 662 1435 Virgilii
677 1366 724 1419 ill.
741 1368 775 1419 etl
791 1366 910 1421 Vanum.
1024 1404 1027 1409 -

220 1436 324 1491 Scilicet
344 1436 391 1486 boe
408 1434 590 1501 detestande,
613 1434 677 1487 Veri
692 1436 854 1504 dulcinen,
871 1438 976 1499 diem
999 1444 1004 1451 '

288 1506 459 1571 vipereae,
475 1504 528 1556 oiri
542 1520 584 1556 ene
597 1504 716 1572 perdidit
731 1506 781 1558 tete
795 1513 886 1574 preter.
915 1546 918 1551 .

217 1572 265 1628 ste
281 1578 370 1626 antcire
387 1581 529 1641 praecepte
546 1581 637 1626 celent
654 1590 696 1625 ere
712 1574 814 1628 dicere.-
830 1592 905 1643 enne,

288 1644 350 1695 Noe
366 1642 463 1694 dicem.
497 1643 550 1695 Sed
566 1659 608 1695 erc
621 1642 739 1711 perdidit
755 1644 805 1697 itte
825 1660 902 1713 puer.

148 1709 189 1761 lix
204 1727 257 1780 quo
273 1710 476 1831 Efflm
491 1704 615 1764 dieeimue
632 1712 660 1764 in
677 1713 808 1765 vocubulo
830 1721 910 1781 preter
931 1707 1015 1765 iniere
1037 1707 1170 1779 quendem
1190 1707 1270 1764 lerci-

148 1778 209 1831 viee
233 1786 260 1833 et
281 1797 299 1833 ο
394 1778 466 1833 itetie
487 1780 638 1843 notionem,
666 1796 750 1848 neque
772 1780 816 1835 ieri
839 1778 1018 1849 etymologine
1040 1780 1128 1833 obstet
1149 1779 1272 1845 perendie

148 1848 252 1915 primee
264 1849 387 1917 eyllebee
402 1863 427 1899 v.
443 1855 525 1915 putee
541 1856 690 1914 correptae,
712 1866 773 1901 cum
789 1850 909 1901 derivate
922 1850 1032 1919 pricillae
1056 1856 1085 1900 et
1099 1848 1196 1914 petilia
1214 1846 1270 1915 pri-

148 1932 220 1968 munr
239 1918 397 1984 producente
415 1916 450 1968 ct.
468 1917 501 1968 de
519 1916 563 1968 bie
579 1916 683 1982 verbir,
711 1934 781 1984 quee
796 1918 928 1971 veteribus
943 1912 1162 1985 rixoeoptopoeeoe
1181 1922 1268 1985 erent,

148 1985 232 2051 lntpp.
249 1984 285 2038 etl
301 1984 393 2037 Pleuti
408 1983 482 2036 dein.
499 1985 557 2038 Act.
574 1985 621 2038 lll.
641 1984 685 2037 Sc.
702 1986 729 2039 ὃ.
746 2002 773 2038 ι.
790 1986 851 2039 101.
869 1986 917 2039 Dic
931 1984 1017 2057 igit&
1031 2002 1074 2037 ere
1093 1984 1267 2051 euticetem,

148 2054 307 2117 colornium,
323 2054 366 2106 eet
382 2054 522 2121 cerellum,
539 2054 727 2121 Himndim,
741 2056 913 2120 monaulon,
924 2055 1116 2122 mereim,
1178 2053 1268 2117 illem

148 2122 214 2175 udde
229 2122 340 2187 interpr.
364 2122 398 2175 ed
415 2120 511 2175 lieret.
527 2120 583 2176 Set.
600 2123 642 2189 ll,
665 2124 699 2187 8,
722 2122 784 2178 tle.
801 2131 828 2177 et
843 2124 989 2177 Burman.
1017 2122 1077 2175 Sec.
1099 2138 1116 2174 n
1159 2121 1266 2179 dntbol.

147 2190 207 2243 let.
223 2190 284 2243 bib.
298 2190 344 2243 lll.
362 2190 449 2260 epigr.
466 2190 527 2244 248.
545 2190 580 2248 Τ,
597 2193 620 2246 1.
635 2209 662 2262 p.
678 2190 740 2247 615.
774 2192 827 2245 Sed
845 2192 965 2261 quemvie
981 2192 1170 2249 concentuum,
1188 2189 1222 2243 'ie
1238 2207 1265 2243 r.

146 2268 232 2328 putee·
243 2265 282 2323 et,
300 2275 368 2325 queo
385 2259 445 2312 inde
462 2259 621 2325 deducetur,
644 2261 828 2315 terminatione
846 2262 951 2331 putere
974 2260 1059 2313 lutere
1080 2259 1267 2331 periitne-ete-

147 2336 223 2382 turee
238 2328 561 2399 rigniticutioncmxcelvo
578 2329 790 2394 convenientem,
808 2336 896 2383 temen
912 2329 989 2398 prinu
1002 2328 1071 2381 illud
1087 2328 1164 2381 alne
1178 2326 1266 2383 notio·

146 2414 207 2451 nem
223 2398 304 2450 intert
319 2398 469 2466 impudicae
485 2406 512 2452 et
527 2398 709 2453 incontinenti·
724 2399 865 2464 lusciniae,
889 2416 958 2467 quee
973 2396 1002 2450 iu
1018 2398 1132 2451 Celrunr
1146 2398 1266 2451 nerum

147 2467 256 2519 minime
272 2467 360 2532 cedit,
387 2468 543 2534 praesertim
566 2485 647 2534 quum
664 2469 765 2521 Senece
795 2470 899 2521 libetur
915 2470 1039 2521 Contror.
1062 2467 1082 2521 l.
1099 2482 1124 2522 c.
1142 2481 1265 2519 'comme-

146 2544 250 2589 morete
269 2536 346 2589 Gulvi
363 2536 476 2589 οιοιοιίι
491 2536 658 2590 vehementia
674 2544 700 2591 ct
715 2536 834 2591 breviori
849 2538 954 2607 ligure,
976 2535 1071 2589 dieerte
1093 2535 1180 2600 dicet,
1203 2535 1265 2588 iude

146 2606 236 2659 tulieee
252 2622 313 2657 enm
330 2622 347 2658 e
364 2606 470 2657 Catullo
485 2623 580 2659 nomen
596 2609 774 2675 eolepntiuer,
799 2606 840 2662 ite
855 2614 884 2660 ut
899 2607 1030 2661 Senecam
1052 2605 1124 2659 eliud
1148 2603 1265 2657 vocubu-

146 2676 237 2729 lum-e
253 2675 359 2729 Cetubo
374 2674 500 2741 scriptum
516 2674 613 2744 legiree
629 2677 697 2729 mibi
713 2682 821 2730 certum·
839 2676 882 2730 eit.
923 2676 1001 2740 Fuit,
1024 2692 1077 2743 quo
1101 2690 1177 2744 οςο,Ι
1196 2672 1261 2727 Gdtl.

145 2744 230 2803 bend.
247 2743 358 2796 lectione
379 2745 539 2812 eotcppcinm
562 2744 684 2797 inductur
707 2753 735 2798 et
757 2761 861 2797 memor
880 2744 1076 2813 Arietopbenici
1098 2746 1206 2797 device
1224 2762 1263 2797 er·
1318 2776 1324 2793 .

146 2814 226 2884 erede
240 2812 267 2864 in
285 2814 363 2880 Veep.
380 2813 459 2865 121².
476 2815 532 2866 lnv.
551 2814 620 2880 qnod
636 2814 727 2867 Scbol.
739 2815 798 2867 Vel.
812 2815 845 2868 11.
861 2831 887 2882 p.
900 2814 962 2868 001.
981 2814 1022 2867 ed.
1039 2813 1118 2867 Itind.
1136 2830 1172 2868 ee
1220 2828 1263 2867 ete

145 2878 197 2937 ede
216 2880 356 2948 πρωκτόν.
376 2883 480 2936 certon
498 2879 530 2937 01
549 2878 583 2937 ed
597 2885 711 2951 κοῦφον
729 2883 876 2950 explicent,
898 2883 1054 2949 conjicerem
1077 2884 1260 2953 reimplere,

145 2953 216 3019 quod
233 2953 266 3005 de
283 2957 387 3005 oratore
403 2952 499 3019 pusillo
508 2990 517 3018 ,
534 2953 569 3004 ob
588 2951 688 3021 ingenii
703 2952 869 3007 uleeritetem
884 2953 994 3023 egiliori
1010 2961 1037 3005 et
1052 2951 1080 3004 in
1088 2953 1180 3005 nostrie
1197 2968 1261 3019 pree

145 3021 312 3074 rebementiu
332 3020 487 3073 eubeiliente
509 3025 537 3073 et
556 3020 793 3087 circumcurrente,
822 3023 928 3090 quuleur
950 3022 1052 3075 Seneca
1082 3020 1260 3087 deecrlpemei

60 3129 63 3135 «
146 3092 273 3156 cervum,
299 3090 366 3142 mibi
384 3090 523 3143 videbatur
539 3089 712 3157 eptimirnum.
753 3091 931 3144 llerivundnm
957 3098 996 3145 eet
1010 3090 1077 3143 illud
1101 3089 1260 3142 vocobulum

146 3157 201 3215 eieci
215 3162 266 3214 cori
279 3155 406 3215 σαλεύειν
418 3157 470 3227 τήν
483 3156 590 3228 treptie.-
607 3162 677 3229 quod
690 3159 739 3214 etei
750 3160 855 3229 proprie
868 3160 973 3213 dicetur
983 3161 1016 3212 de
1029 3160 1131 3212 ineeuu
1144 3156 1261 3211 molliori

145 3237 172 3283 et
186 3229 363 3297 superbientia
378 3229 448 3281 unde
464 3229 661 3301 Hermogenem
676 3230 840 3299 Tigellium,
856 3237 990 3283 centorem
1006 3228 1101 3292 ictum,
1124 3228 1260 3279 Seloeoeir

146 3299 248 3361 nomine
261 3299 394 3368 significet
405 3297 495 3353 Cicero
514 3299 598 3367 Epist.
614 3301 647 3353 ed
658 3300 760 3353 llircre.
772 3300 833 3363 vtt,
849 3298 912 3362 24.;
933 3304 1023 3353 temen
1045 3295 1147 3351 bomini
1163 3288 1260 3364 pusillo

145 3375 171 3421 et
187 3369 253 3439 agili
268 3368 377 3437 egregie
392 3368 523 3421 convenit.
569 3369 662 3436 Neque
678 3370 801 3423 obstubet
817 3368 922 3425 Catulle
940 3365 1097 3436 quominus
1120 3365 1187 3419 illud
1208 3364 1259 3419 flu·

143 3448 218 3507 geret
234 3439 408 3501 vocebulnm‚
431 3438 551 3491 Graecae
566 3439 675 3508 linguue
698 3438 767 3495 retio
784 3444 811 3493 et
832 3438 893 3502 lex,
909 3436 973 3491 licet
989 3454 1007 3491 u
1023 3454 1048 3492 r.
1066 3432 1142 3503 evy'ri
1164 3436 1193 3487 in
1209 3451 1258 3487 ueu

144 3508 178 3561 rit
194 3507 390 3565 Dominutirum
406 3507 555 3575 euytdroer
581 3526 642 3561 nem
660 3514 689 3563 ut
706 3504 797 3579 ζοὶοη,
814 3504 931 3573 ζώνιον,
957 3504 1044 3589 eripe,
1061 3501 1159 3570 κόριον
1179 3502 1260 3572 (elie

144 3576 215 3630 dedit
230 3578 362 3632 Muttbiee
380 3576 426 3628 Gr.
445 3577 494 3629 Gr.
513 3582 537 3641 ς.
554 3576 615 3629 102.
631 3578 672 3645 6.)
688 3577 728 3631 ite
744 3594 762 3631 e
786 3594 813 3633 v.
835 3570 910 3647 πυγή
921 3577 1033 3628 formerr
1047 3573 1133 3641 potuit
1146 3572 1257 3641 πύγιον.

144 3647 316 3711 οοιιίοοιοιοο
333 3661 422 3709 meue,
439 3645 482 3698 cui
499 3646 565 3698 olim
583 3646 651 3700 nibil
669 3646 834 3711 tribuebam,
858 3662 958 3699 novum
973 3645 1073 3711 pondus
1090 3646 1117 3696 et
1132 3640 1257 3709 prebebi-

144 3715 226 3771 litetie
240 3714 492 3768 commendetiunem
508 3716 609 3769 eddidit
624 3716 749 3769 Selmneii
765 3715 921 3778 euctoriter,
945 3713 991 3780 qui
1007 3712 1035 3765 in
1051 3710 1165 3765 Exercit.
1185 3710 1257 3764 Plin.

144 3785 179 3855 Τ.
195 3788 217 3837 l.
233 3802 295 3855 pag.
310 3785 353 3838 50.
370 3785 397 3836 b.
415 3801 448 3837 ex
464 3790 517 3838 vet.
540 3785 600 3839 libr.
625 3787 688 3839 ltlee.
710 3785 823 3840 correxit
837 3784 1019 3853 rolopegieer,
1034 3786 1062 3835 et
1077 3780 1188 3835 Graecis
1203 3798 1258 3862 ern·

143 3857 263 3908 teeillem
279 3855 413 3908 ericulenr
439 3855 485 3922 (n.
504 3855 547 3907 die
566 3855 738 3922 Boebetelze,
760 3872 782 3908 e.
803 3853 971 3922 erprtcrz)
994 3850 1093 3905 dictum
1114 3850 1198 3903 fuiree
1217 3853 1258 3905 ert

103 3934 110 3943 '
143 3923 328 3993 moedorum
344 3925 414 3991 quod
431 3930 521 3976 temen
536 3924 710 3989 vocabulum,
725 3939 855 3991 nusquam
873 3938 891 3975 e
905 3938 950 3974 ruo
966 3922 1072 3985 lectum,
1089 3934 1107 3973 e
1123 3916 1258 3973 sirmate

142 4002 270 4049 neretum
289 4001 317 4048 et
333 3994 362 4047 in
377 4010 441 4046 uuae
457 3993 646 4047 emendationis
661 3992 779 4062 gretiam
795 4008 887 4045 cusum
904 3990 1024 4057 ridetur„
1046 4004 1108 4041 cnut
1123 3988 1258 4049 murillo
1307 4044 1310 4049 ,

142 4079 160 4118 tt
176 4064 288 4119 Greecie
302 4061 459 4131 ereooevyle
472 4081 493 4115 r.
508 4063 616 4130 κίγκλοι
625 4062 787 4115 οοιιιὶοοιιιιι
803 4061 858 4115 vid.
874 4058 1027 4113 Schneider.
1045 4058 1079 4113 erl
1095 4054 1205 4113 ertator
1218 4056 1255 4109 fl.

141 4135 193 4192 dn.
210 4136 269 4189 bib.
286 4134 334 4186 lX.
353 4152 376 4187 c.
394 4133 437 4186 le
456 4136 480 4196 §.
498 4132 525 4184 1.
543 4132 578 4188 T.
595 4132 639 4186 lV.
656 4130 738 4200 l’c'ffi·
754 4132 789 4184 ci.
803 4129 914 4185 Beicrnr
929 4129 957 4185 iu
973 4126 1105 4184 Addendir
1120 4126 1155 4181 nd
1169 4124 1255 4181 Cicer.

141 4205 231 4264 Orutt.
247 4206 358 4274 Fregrn.
377 4221 404 4269 p.
420 4201 481 4255 216.
1146 4262 1154 4277 ι

210 4275 260 4347 tt)
293 4277 353 4345 lige
368 4271 518 4363 dubitanter
534 4269 562 4326 in
578 4268 695 4326 Senecae
710 4274 784 4326 textu
796 4266 890 4339 reripei
907 4269 1008 4339 ieJoro
1025 4283 1074 4337 pro
1088 4264 1188 4319 nullrur
1197 4276 1256 4325 een:
