2768 4838
59 298 91 379 ’.Χ
168 289 222 365 48
456 310 521 373 aa
558 310 761 361 enarro
806 252 1000 367 norro.
1069 322 1074 329 ·

168 463 282 557 Lnga
306 461 382 533 Bat.
408 457 521 531 1816.
546 458 583 531 4.
614 462 756 554 aliique,
788 482 876 553 quoa
909 462 1018 531 attulit
1043 460 1232 538 cameras
1257 469 1293 537 in

168 567 297 641 Aaron
328 565 365 635 d.
395 563 522 645 Rom
547 560 730 659 ΛΜΗ.
761 562 849 633 lor.
881 585 920 658 p.
953 564 1038 638 loo.
1070 575 1105 636 et
1130 565 1168 665 §.
1204 569 1292 643 283.

166 698 203 766 p.
235 668 324 741 att.
373 667 465 737 luter
488 667 552 738 has
576 689 660 739 vero
688 668 786 760 leges
811 667 1003 741 celebratur
1024 669 1175 763 inprimis
1199 673 1295 744 Lici·

167 776 238 861 nia,
270 774 307 841 in
343 794 413 862 qua
436 769 597 856 ferenda,
628 770 841 840 exolescente
865 780 959 840 metu
982 771 1068 864 legis
1101 778 1295 867 antiquioris

147 880 190 948 -ἱ,
216 901 247 947 e.
271 875 421 944 Fanniae
446 897 468 943 a
493 872 536 943 G.
559 870 690 942 Fannio
715 873 885 943 Strabone
911 871 992 944 Cos.
1017 896 1049 945 o.
1076 875 1181 968 Uoc.
1204 878 1293 953 593.

8 978 21 997 ‘
167 984 275 1068 latae,
301 977 452 1069 quaesita
475 985 527 1045 est
550 999 659 1047 novae
683 977 769 1068 legis
795 977 993 1064 auctoritas,
1018 985 1057 1047 ut
1082 980 1128 1049 ait
1152 980 1296 1071 Maeror
1328 1070 1332 1075 1

35 1076 38 1081 ’
166 1087 243 1155 bins
267 1082 340 1153 Sat.
365 1081 444 1151 Lib.
467 1077 512 1147 ll.
538 1100 568 1147 o.
596 1079 656 1150 la
688 1101 725 1171 p.
751 1076 839 1149 396.
865 1080 904 1149 Z
936 1080 996 1171 qui
1016 1081 1094 1175 ejus
1118 1083 1205 1180 legis
1235 1078 1296 1157 ea·¹

62 1236 73 1257 -.
166 1190 240 1282 pita
263 1193 417 1255 recenset
439 1202 511 1252 non
533 1180 616 1252 nihil
640 1183 835 1252 dissentiens
860 1205 882 1250 a
915 1182 1048 1268 Gelli03
1080 1186 1148 1256 vid.
1184 1189 1296 1261 Bach.
1380 1222 1383 1227 ·

168 1293 247 1362 lc.
273 1283 310 1385 §.
335 1284 399 1361 66.
430 1308 467 1379 p.
499 1282 587 1353 l'tl.
656 1284 822 1378 Ejusdem
860 1287 1012 1356 meminit
1042 1289 1144 1359 etiam
1173 1289 1297 1364 Festus

23 1450 27 1457 .
169 1418 197 1465 s.
222 1416 254 1462 v.
281 1389 507 1461 centenariae
532 1408 670 1471 coenae,
688 1411 724 1480 p.
750 1387 812 1457 13.
837 1389 942 1477 Dae,
973 1390 1069 1484 eujus
1089 1382 1096 1425 ·’
1100 1415 1298 1485 perversam

120 1486 128 1557 ζ
169 1494 477 1587 interpretationem
510 1490 629 1559 Paullo
661 1490 913 1583 Longobardo‚
946 1490 1041 1563 Festi
1073 1497 1297 1590 epitomatod

171 1599 305 1686 deberi,
337 1604 437 1679 acute
461 1595 592 1663 monuit
616 1602 651 1662 et
675 1594 912 1663 humanissime
941 1618 1076 1683 mecum
1109 1597 1310 1672 eommuni-'

172 1704 261 1772 cavit
284 1698 523 1770 eruditissimus
550 1695 589 1767 G.
613 1696 774 1784 BeieruS,
808 1699 867 1788 qui
897 1697 990 1767 idem
1020 1700 1104 1770 mihi
1140 1704 1298 1776 indicavit

173 1804 329 1899 ejusdem
351 1801 437 1894 legis
462 1801 668 1870 mentionem
692 1801 765 1868 fieri
791 1824 812 1868 a
838 1801 951 1869 Gellio
973 1804 1016 1872 N.
1032 1805 1102 1872 Att
1127 1807 1205 1876 Lib.
1219 1810 1297 1879 XX.

172 1933 203 1980 c.
229 1909 265 1979 l.
290 1927 434 1996 eamque
467 1903 590 1995 respici
615 1928 636 1971 a
662 1903 838 1982 Cicerone¹
854 1905 964 1997 Epist.
990 1906 1037 1974 ad
1060 1907 1191 1982 Divers.
1217 1910 1296 1983 Lib.

171 2011 248 2083 Vll.
277 2007 339 2078 26.
373 2003 409 2102 §.
435 2005 471 2075 4.
505 2017 540 2075 et
569 2029 591 2074 a
615 2007 825 2074 Tertulliano
857 2009 893 2076 in
923 2009 1073 2103 Apolog.
1108 2010 1145 2081 1.
1210 2010 1308 2087 lata*

173 2122 226 2183 est
250 2121 363 2181 autem
388 2110 475 2178 haee
500 2112 556 2178 lex
570 2110 715 2195 Licinia,
740 2118 828 2178 teste
843 2109 1043 2200 Macrobio,
1069 2136 1091 2182 a
1113 2115 1154 2184 P.
1167 2114 1300 2189 Licinio

173 2216 298 2301 Crasso
322 2215 436 2283 Divite
461 2237 492 2293 a.
515 2210 563 2291 U.
588 2209 628 2282 Ο.
655 2209 760 2299 651,
794 2235 864 2303 quo
890 2236 979 2282 anno
1011 2239 1089 2285 cum
1116 2217 1181 2289 Cn.
1209 2220 1300 2291 Cor-
1374 2272 1381 2285 .

171 2321 261 2390 nelio
287 2318 440 2388 Lentulo·
468 2313 597 2385 Consul
629 2325 719 2386 erat:
756 2315 917 2409 Pighium
950 2318 1056 2407 enim,
1089 2322 1147 2410 qui
1178 2323 1323 2397 Annal..

172 2446 204 2493 a.
218 2420 306 2491 647.
331 2420 377 2489 ad
397 2420 437 2489 P.
451 2418 618 2488 Licinium
634 2418 811 2508 Crassum,
836 2419 1008 2490 tribunum
1031 2423 1159 2515 plebis,
1183 2427 1302 2518 refert,
1335 2459 1342 2481 ι

173 2525 294 2596 erroris
320 2523 475 2615 coarguit
497 2521 647 2591 Baebius
671 2524 695 2592 l
720 2547 752 2597 c.
811 2522 894 2593 Jam
925 2547 968 2594 ex
992 2520 1068 2614 lm,
1102 2551 1191 2619 quae
1222 2531 1302 2621 dixi,

173 2629 343 2720 sequitur,
376 2635 508 2695 tantum
541 2625 680 2714 abesse,
712 2634 752 2694 ut
782 2624 852 2699 hoo
883 2627 1130 2721 fragmentum,
1144 2722 1148 2729 1
1162 2633 1199 2702 in
1231 2658 1302 2727 quo

173 2733 260 2824 legis
284 2730 435 2799 Liciniae
459 2730 686 2821 sumptuariae
710 2728 834 2821 injecta
860 2739 911 2799 est
922 2733 1066 2820 mentio,
1090 2736 1192 2805 tribui
1215 2761 1303 2831 pos-

174 2837 217 2905 sit
236 2833 334 2903 Livio
347 2832 563 2920 Andronico,
584 2833 715 2926 qnippe
728 2833 802 2923 qui,
823 2842 862 2903 nt
876 2832 1033 2904 Osannus
1053 2836 1087 2905 in
1099 2840 1193 2911 Anal.
1217 2840 1301 2911 Crit.

176 2964 213 3032 p.
239 2934 300 3005 39.
325 2934 503 3027 probavit,
536 2958 567 3006 a.
592 2935 638 3007 U.
664 2936 704 3005 C.
731 2935 819 3005 513.
843 2938 991 3031 primam
1015 2936 1171 3011 docuerit
1199 2943 1302 3012 fabu-

175 3043 263 3129 lam,
287 3047 326 3108 ut
349 3060 372 3106 a
394 3037 541 3123 Laenio,
567 3061 671 3128 quem
688 3039 860 3109 Hortensii
885 3051 920 3111 et
938 3041 1108 3112 Ciceronis
1125 3048 1303 3139 aequalem

174 3146 281 3215 fuisse
306 3162 410 3233 supra
442 3135 478 3235 §.
502 3134 538 3209 6.
562 3141 722 3234 suspicati
753 3166 885 3227 snmus,
918 3146 1003 3215 illud
1035 3149 1197 3241 scriptum
1228 3176 1304 3224 esse

175 3243 429 3341 propemodum
452 3242 579 3313 nullam
603 3245 728 3315 habeat
753 3245 1005 3319 dubitationem.

279 3346 354 3417 vll.
406 3346 536 3415 Nonius
567 3371 596 3417 s.
620 3369 653 3418 r.
678 3346 887 3419 intituletur
915 3373 952 3447 p.
980 3351 1066 3444 138,
1098 3351 1136 3429 8.
1184 3357 1304 3446 „Nae-

177 3453 250 3523 vius
274 3449 552 3547 Erotopaegnion
590 3496 600 3513 .
1067 3468 1072 3477 ·

331 3551 447 3623 Nocte
470 3559 510 3620 ut
535 3560 679 3644 opertae
697 3553 836 3624 umida
890 3582 896 3591 ·

330 3653 590 3726 Latibaletnr.“

175 3760 245 3831 Hie
277 3758 378 3827 etiam
409 3758 536 3829 Laevii
560 3780 685 3828 nornen
715 3758 951 3850 reponendum
987 3782 1061 3828 esse
1091 3760 1175 3830 vidit
1205 3761 1306 3834 Mer-

179 3884 277 3933 cerus
300 3885 336 3955 p.
354 3856 460 3951 125„
486 3863 541 3933 cui
566 3861 788 3955 adstipulatur
815 3862 973 3934 Osannut
997 3863 1033 3933 in
1057 3866 1155 3936 Anal.
1179 3890 1215 3960 p.
1242 3865 1305 3938 54.

689 3959 725 4059 ς.
751 3963 786 4036 e.

283 4038 382 4153 Quas
407 4065 485 4160 jam
517 4076 700 4158 sequuntur
732 4067 956 4161 Fragmenta,
992 4077 1027 4139 et
1059 4069 1187 4141 Laenio
1213 4032 1307 4145 recte

140 4176 144 4181 '
178 4174 387 4257 tribuuntur,
422 4179 458 4238 ot
491 4194 534 4239 ex
566 4171 689 4240 eodem
720 4171 1000 4265 Ers.·tepaegnion
1031 4196 1137 4265 opere
1172 4188 1308 4269 sumpta

181 4300 255 4357 esse
279 4274 498 4371 probabiliter
515 4273 725 4369 judicantur.
771 4275 852 4347 Huc
874 4274 1091 4347 referendum
1116 4286 1170 4348 est
