2768 4838
148 273 226 349 150
280 239 287 259 .
389 294 445 347 na
470 294 502 346 e.
528 293 698 349 asuero
724 292 854 345 crura
878 292 1034 345 runnu.

149 476 217 548 qne
240 450 427 546 posteritati
448 450 718 538 commendatae,
758 471 901 542 quarum
924 450 1074 545 priorem
1100 447 1271 519 Ciceronis

148 563 293 630 matrem
308 555 421 643 luisse,
434 577 478 626 ex
490 554 675 641 Plutarcho
689 551 841 623 inCicer.
850 552 916 623 vit.
933 577 961 622 c.
972 552 1006 622 1.
1015 552 1059 623 T.
1067 553 1123 621 lV.
1137 576 1174 644 p.
1181 550 1271 622 lli.
1358 582 1369 607 ι

148 661 194 732 R.
203 659 451 753 ,posteriorem
464 659 617 729 Senecae
636 655 833 755 philosophi
850 665 1010 742 matrem,
1036 656 1197 747 exipsius
1212 655 1272 722 lilii

149 762 283 855 scriptia
307 770 438 831 constat
460 760 511 853 θ).
568 761 694 831 Nostro
717 758 862 850 denique
893 769 1017 853 poetae
1039 758 1187 850 aequalis
1209 757 1273 849 fuit

150 863 370 953 llleHeioius
382 863 526 951 Blasio,
553 884 667 932 comes
691 869 726 932 et
745 863 872 932 audeus
892 863 935 931 1).
952 860 1067 948 Bruti,
1100 882 1203 953 quem
1227 861 1273 928 ad

150 989 288 1052 necem,
312 966 393 1039 forti
411 964 622 1038 subeundam
644 965 772 1059 animo,
797 986 900 1034 manu
923 963 986 1036 sibi
1007 964 1072 1056 ipsi
1093 984 1210 1032 coram
1230 986 1272 1031 eo

149 1068 318 1165 intrepida
342 1068 455 1153 illata,
488 1068 726 1138 corroborasse
746 1068 870 1155 fertur,
903 1075 991 1137 teste
1015 1066 1136 1135 Ilione
1152 1065 1271 1135 Cassio

150 1174 228 1245 Lib.
241 1170 369 1246 xhvl.
391 1169 496 1245 (153.
520 1170 605 1241 T.'1.
627 1193 664 1267 p.
686 1168 774 1240 488.
792 1170 906 1245 Reim.
936 1166 1062 1240 Utrum
1081 1167 1145 1236 hos
1167 1177 1272 1261 poeta
1334 1198 1338 1210 ·

151 1284 267 1347 nuder
292 1274 493 1371 cognatione
523 1274 636 1369 aliqua
662 1272 826 1367 attigerit,
865 1296 944 1343 non.
959 1272 1070 1365 magis
1093 1271 1273 1358 affirmare,

152 1400 257 1472 quam
272 1387 402 1472 negare
423 1378 547 1447 ausim:
571 1376 631 1469 qui
650 1377 766 1447 seriori
786 1384 896 1446 aetate
916 1377 1131 1445 innotuerunt
1148 1374 1273 1464 Helvii,

45 1553 50 1561 ,
153 1504 212 1553 eos
227 1481 396 1553 recensuit
411 1478 638 1579 Glandorpius
653 1479 689 1549 in
704 1477 878 1551 Onomast
894 1479 997 1575 Rom.
1015 1502 1051 1571 p.
1069 1475 1156 1546 304.
1180 1528 1189 1542 ..

172 1571 177 1581 ’
256 1583 364 1668 Quod
386 1582 432 1652 ad
453 1604 660 1675 praenomen
682 1581 754 1676 ejus
775 1583 909 1670 attinet,
950 1581 1020 1650 ridi
1043 1580 1206 1673 Vulpium
1228 1577 1276 1647 ad

27 1702 31 1709 ’
147 1684 277 1758 catulo
291 1684 404 1757 Carm.
418 1683 524 1755 XCV.
536 1707 573 1781 p.
586 1682 673 1756 400.
688 1695 722 1755 et
740 1683 789 1755 lo.
802 1683 908 1754 Hem.
922 1684 1078 1755 Vossium
1093 1683 1138 1750 ad
1153 1683 1273 1774 Virgil.

94 1810 97 1815 ’
151 1788 274 1881 Eclog.
296 1787 360 1857 lx.-
382 1810 415 1855 u.
436 1782 497 1859 35.
518 1810 556 1882 p.
578 1783 665 1856 415.
696 1790 923 1882 ambigentes,
962 1797 1075 1859 utrum
1100 1781 1209 1877 Cujus
1231 1809 1274 1854 an

157 1887 310 1989 Quintus
322 1888 430 1961 dictus
445 1889 616 1961 sisciam
627 1903 758 1975 costen
782 1892 877 1987 prior
893 1890 981 1960 eninr
998 1889 1129 1960 scribit:
1160 1887 1199 1957 0.
1216 1888 1275 1957 vet

157 1989 202 2091 Q.
226 1992 381 2063 enasor
402 1991 524 2067 Helvii
550 1992 703 2080 Cinnae,
736 1995 859 2088 optimi
874 2001 1025 2087 poetae,
1056 2001 1121 2066 etc.
1147 2000 1181 2061 et
1200 1989 1274 2060 hic:

152 2089 305 2168 Helvius
322 2094 454 2184 Cinna,
477 2094 542 2165 urit
556 2095 643 2165 dem
660 2094 860 2167 anumeu
883 2092 995 2188 Cujus
1015 2096 1107 2166 oder
1125 2093 1276 2190 Quintus

155 2207 220 2269 etc.
271 2196 497 2293 luutrlusque
515 2198 577 2295 viri
592 2198 807 2271 adnotatione
821 2200 943 2268 mirum
963 2222 1021 2269 me
1040 2198 1146 2267 habet
1157 2192 1274 2291 pra'en.

158 2299 328 2398 Quintus,
353 2301 502 2374 necdum
520 2301 669 2395 fontem,
702 2325 745 2373 ex
763 2325 833 2396 quo
851 2303 938 2371 illius
958 2302 1110 2372 notitiam
1133 2300 1275 2369 nominis

31 2406 40 2423 ³
153 2403 343 2490 hauserint,
374 2405 471 2498 potui
491 2403 665 2499 indagare.
722 2406 901 2496 Quotquot
919 2406 1117 2498 scriptores,
1151 2402 1275 2472 Graeci

18 2560 22 2565 -
151 2508 281 2602 puriter
301 2530 345 2575 ac
365 2505 494 2594 Latini,
518 2506 621 2600 hujus
639 2506 762 2600 poetae
784 2509 988 2577 mentionem
1010 2508 1156 2590 faciunt,
1191 2505 1276 2575 illud

55 2662 58 2667 .
153 2631 362 2705 praenomen
375 2610 534 2703 ignorant
546 2610 673 2702 iisque,
694 2619 734 2678 ut
743 2608 821 2704 jam
834 2633 938 2702 supra
960 2610 1045 2699 dixi,
1070 2610 1126 2680 vel
1145 2609 1276 2700 simpli-

156 2713 239 2782 citer
258 2707 281 2784 u‘
301 2710 440 2792 Κίννας
446 2765 462 2806 ,
506 2711 631 2800 ciana,
659 2713 716 2784 rel
742 2705 907 2792 'Biorii'cc
934 2712 1094 2803 Κίννας,
1127 2710 1277 2782 Helvius

17 2910 19 2914 μ
159 2812 274 2886 Ciuuu
291 2814 499 2907 appellatur,
533 2811 675 2911 excepto
699 2812 854 2902 Catullo,
883 2838 906 2883 a
926 2839 995 2909 qno
1011 2816 1140 2884 ‘diserte
1166 2811 1277 2907 Cujus

155 2916 353 2990 nominatur.
419 2915 571 2991 Catullus
592 2919 705 2989 carm.
728 2920 772 2991 X.
793 2918 886 2990 Varii
911 2930 1073 3007 scortum,
1113 2941 1192 2986 cum
1211 2918 1277 3010 ipsi

155 3018 360 3119 lecticarios,
386 3040 429 3089 ex
448 3018 611 3112 Bithynia
632 3022 816 3110 adductos,
840 3023 1029 3094 meretricia
1051 3030 1123 3090 arte
1144 3022 1277 3117 eripere

155 3122 273 3208 vellet,
296 3121 343 3190 ita
356 3115 477 3193 fefellit
489 3124 699 3219 respondeus
717 3148 750 3194 v.
765 3123 826 3210 29.
878 3123 985 3195 Mena
1000 3125 1141 3195 sodalis
1162 3124 1277 3195 Cinna

157 3232 209 3295 est
235 3220 364 3316 cajus
396 3225 426 3294 is
447 3225 515 3296 eidi
530 3229 701 3321 parauit:
725 3249 795 3320 qno
815 3227 849 3297 in
868 3228 945 3298 loco
965 3237 1104 3321 poetam
1125 3238 1277 3297 nostrum

156 3326 412 3420 intelligendum
428 3352 518 3413 esse,
543 3331 630 3402 iufra
649 3332 726 3400 satis
743 3331 932 3424 apparebit
984 3332 1075 3401 Huic
1092 3331 1277 3426 gravissimi
1349 3394 1354 3405 .

156 3431 300 3502 auctoris
316 3432 506 3503 testimonio
526 3433 663 3527 insuper
682 3433 761 3502 addi
782 3444 924 3528 possunt
936 3436 1117 3520 lemmata,
1144 3434 1277 3502 duobus
1352 3446 1355 3451 ’

156 3535 309 3626 praelixa
327 3533 590 3629 Epigrammatis
608 3539 643 3605 in
662 3537 927 3608 AnthelLatin.
942 3538 1041 3608 L.11.
1064 3563 1119 3631 ep.
1134 3535 1220 3604 250.
1244 3546 1278 3604 et

158 3633 244 3708 251.
269 3636 314 3708 Τ.
330 3636 358 3707 1.
374 3661 412 3734 p.
426 3636 513 3712 440.
537 3648 573 3713 et
593 3641 801 3738 aliquatenus
824 3641 926 3716 etiarn
939 3643 1092 3755 Valerius
1105 3640 1275 3712 Maximus

157 3827 367 3846 Ἣ

226 3935 260 4007 0)
292 3937 335 3993 lta
347 3955 391 4008 ap.
403 3939 577 4012 Plutarchum
591 3941 610 3997 1.
622 3959 646 3997 o.
661 3941 727 3997 olim
744 3942 896 4015 lagchatnrr
922 3945 1082 4010 ransom,
1102 3937 1134 3999 dl
1156 3934 1208 4014 τήν
1225 3936 1277 4009 μὲν

157 4001 263 4077 11014001
278 4006 404 4078 λέγουσιν
422 4006 536 4082 Ὀλβίαν
555 4011 602 4068 aet
622 4011 765 4084 parasitus
784 4027 810 4070 rt.
830 4034 855 4070 c.
877 4019 916 4080 1.,
940 4014 1009 4085 qnod
1030 4014 1154 4068 ruendum
1175 4013 1276 4065 dudum

158 4077 315 4130 sustulerunt
328 4079 381 4134 W.
399 4079 457 4136 Di).
476 4081 633 4136 anctoritate
652 4082 761 4138 Eurehii
780 4083 808 4137 in
827 4084 973 4150 chronico,
997 4083 1043 4148 qul
1064 4082 1198 4138 Ciceronis
1217 4097 1275 4133 nra-

158 4154 226 4199 trem
247 4146 371 4201 Helvinus
389 4147 515 4207 nominat.
554 4150 610 4205 Nau
629 4153 744 4208 minum
764 4155 927 4224 corruptelae
949 4153 1031 4206 subiit
1048 4152 1076 4206 lu
1098 4152 1179 4209 codd.
1198 4150 1276 4204 hirtis

158 4231 252 4270 noman
273 4216 366 4271 matri·
385 4217 515 4283 Senecae,
540 4226 572 4274 ut
592 4222 728 4279 ud'nutartt
746 4222 851 4279 llclrlur
872 4223 900 4279 in
921 4222 1062 4296 snagan.
1081 4222 1166 4293 Tres.
1189 4220 1275 4277 Latin.

160 4286 266 4352 Proteg.
278 4286 328 4336 vat
351 4286 372 4338 l.
386 4305 412 4352 p.
424 4286 460 4338 00
471 4293 498 4340 et
510 4287 553 4341 tt.
1001 4308 1004 4315 ·
