2768 4838
123 256 204 363 m
382 278 438 332 an
454 278 495 329 zc.
517 276 688 330 cancro
711 248 827 327 arro
850 274 1007 331 conns.

190 434 306 512 Hoc
311 427 562 532 Fragmentum
582 435 706 504 nescio
711 458 756 503 an
770 435 881 504 verius
903 441 1074 526 sumptum
1085 440 1249 532 putemus

126 566 170 619 ex
186 542 299 637 Valgii
319 542 404 612 Arte
424 541 592 609 rhetorica
613 561 674 607 seu
687 539 817 609 Latina
836 538 1110 637 interpretatione
1134 537 1252 628 operis

125 638 361 743 Apollodorei.
396 646 486 713 Nam
500 642 704 735 singularem
720 641 764 710 de
780 628 975 711 Tralatione
993 640 1115 707 librum
1130 663 1152 707 a
1163 638 1251 708 Val-

125 753 185 847 glo
206 772 282 819 esse
299 749 476 840 scriptum,
502 766 571 814 non
585 745 836 814 estverisimile.
887 743 1005 837 Magis
1021 743 1121 811 etiam
1136 743 1251 865 ambi-

126 876 234 950 guum
247 861 316 940 est,
341 849 435 941 quod
448 848 561 940 Valgii
575 869 661 940 opus
677 849 835 940 respiciet
975 872 977 877 ·
1021 880 1027 893 ·

229 955 290 1026 XL
340 952 474 1024 Sennea
489 951 596 1042 Epist.
614 946 675 1020 51.
697 946 734 1046 ἕ.
761 951 793 1018 Ι.
834 940 913 1037 „Tu
935 949 1009 1018 istic
1028 947 1136 1023 habes
1161 947 1251 1017 Aet-

125 1077 224 1145 ιιιιιι,
255 1059 351 1128 illum
379 1055 621 1124 nobilissimum
653 1054 786 1124 Siciliae
813 1062 979 1121 montem:
999 1074 1118 1143 quem
1143 1038 1252 1139 quare
1312 1130 1320 1147 .

128 1161 247 1233 fflxerit
269 1158 418 1231 Messala
452 1158 611 1241 unicum,
652 1158 722 1226 sive
750 1146 910 1249 Valgius,
948 1154 1040 1248 apud
1069 1164 1252 1243 utrumque

128 1265 219 1337 enim
230 1260 313 1359 legi,
337 1284 404 1332 non
417 1260 561 1353 reperio,
576 1264 680 1353 quem
692 1261 838 1365 plurima
851 1261 929 1329 loca
942 1267 1099 1328 evomant
1110 1258 1252 1359 ignem“

26 1367 28 1372 ’
128 1378 245 1441 esc.

230 1467 389 1538 Editores
403 1464 440 1534 lu
453 1467 477 1535 Ι
488 1466 640 1559 cogitant
654 1464 699 1534 dc
712 1463 763 1535 Μ
781 1464 918 1535 Valerio
931 1464 1083 1535 Messala
1102 1464 1251 1534 Corvino

34 1623 42 1657 ,
130 1569 294 1657 Oratore,
321 1569 365 1638 de
387 1590 456 1659 quo
480 1570 602 1638 videsis
619 1569 779 1637 Ellendtii
797 1571 938 1663 Proleg.¹
959 1568 1004 1637 ad
1023 1569 1131 1638 Cicer.
1151 1568 1251 1638 Brut.

130 1698 167 1769 p.
184 1621 458 1745 cxxltvllff-
403 1668 697 1765 —Ruhlsoplius
718 1681 831 1764 putet,
856 1674 1000 1743 Aetnam
1020 1681 1170 1740 montem
1185 1688 1252 1763 ap'-

130 1778 296 1872 pellatum
316 1796 390 1844 esse
411 1797 432 1840 ι
448 1772 597 1844 Messala
625 1785 674 1844 et
670 1773 808 1868 Valgio
829 1775 988 1859 unicum,
1023 1776 1118 1866 quud
1141 1774 1252 1843 nullus
1280 1812 1283 1827 ·

132 1880 221 1949 alius
234 1890 293 1949 aut
306 1878 450 1948 Siciliae
460 1888 519 1946 aut
535 1879 650 1947 ltaliae
665 1900 761 1946 mons
784 1880 848 1947 isto
863 1881 1040 1970 tempore
1030 1890 1156 1998 ignem..
1167 1892 1253 1947 evo·-

19 2070 23 2081 ‚
131 1984 269 2054 mnerit.
283 1976 537 2051 namVesuvius
551 1983 692 2050 Neronis
709 1972 972 2073 vclVespasiani
982 1993 1090 2050 aetate
1105 1981 1253 2079 primum

132 2087 252 2155 arsisse
266 2084 417 2153 traditur.
445 2082 500 2153 cf.
508 2084 712 2153 Tzschucke
726 2084 777 2151 acl
784 2086 904 2176 Pomp.
918 2084 1001 2152 Mel.
1019 2086 1098 2153 Lib.
1114 2084 1157 2154 ll.
1176 2108 1205 2155 c
1214 2080 1252 2150 4

129 2184 173 2285 §.
184 2187 220 2258 Ι).
247 2184 324 2257 Vol.
340 2186 398 2255 ΙΙΙ.
414 2186 453 2256 P.
470 2186 512 2255 ΙΙ.
527 2210 562 2278 p.
577 2186 663 2256 421.
704 2187 875 2276 Equidem
888 2188 1003 2256 malim
1018 2188 1101 2255 illud
1118 2178 1253 2280 epitlte-
1282 2258 1287 2269 ,

132 2303 192 2361 ton
212 2291 257 2359 de
277 2289 436 2393 singulari
455 2289 541 2358 illius
563 2291 682 2359 montis
706 2299 824 2358 natura
844 2291 962 2383 accipi.
1026 2291 1124 2359 ldem
1146 2312 1253 2382 porro

133 2394 195 2464 Vir
206 2396 337 2463 Doctus
357 2393 489 2462 Aetnae
504 2394 709 2461 mentionem
730 2394 857 2461 factam
879 2395 1099 2485 suspicatur
1089 2417 1123 2460 m
1139 2393 1254 2489 Valgii

132 2498 312 2568 Bucolicis.
361 2495 486 2562 Hoc
461 2517 490 2562 sr
511 2518 629 2563 rernm
646 2506 712 2582 est,
738 2506 811 2564 tum
828 2497 930 2564 etiam
951 2520 972 2565 a
992 2486 1142 2565 Messala
1161 2497 1255 2564 idem

132 2576 261 2670 lactum
277 2597 544 2690 suspicabimur
534 2621 569 2666 ιιι
585 2547 783 2669 ιιιιιιὶιΙίΙιιιι
769 2601 993 2691 spaston'tiis,
1020 2623 1108 2690 qnae
1128 2601 1172 2666 ab
1195 2600 1254 2667 illo

136 2703 269 2771 Graece
289 2702 413 2794 scripta
433 2723 507 2769 esse
527 2711 667 2770 testatur
692 2703 822 2770 Auctor
843 2702 974 2797 Eleg.
959 2727 1000 2770 ιιι
1013 2702 1197 2772 Messalam
1220 2724 1254 2770 v,

136 2804 187 2873 13
201 2828 251 2895 sq.
266 2804 347 2895 ibiq.
363 2804 524 2896 Wagner.
534 2804 786 2873 etWemsdorf.
800 2806 889 2878 inP
904 2805 945 2873 L.
962 2805 1072 2874 ΜΤ.
1089 2805 1148 2875 lV.
1163 2804 1255 2873 P..ll

134 2932 171 3002 p.
196 2901 283 2976 805.
340 2907 411 2977 Sed
431 2906 532 2998 hujus
562 2908 776 3000 conjecturae
797 2910 971 2978 veritatem
998 2910 1072 2998 quis
1094 2915 1257 3000 praestet,

137 3024 217 3080 cum
232 3012 363 3080 Aetnae
382 3010 507 3078 mentio
527 3011 658 3079 etiam
649 3034 683 3078 ιιι
706 3013 778 3080 aliis
795 3035 913 3079 eorum
928 3012 1019 3079 libris
1037 3013 1110 3079 fieri
1129 3021 1257 3102 potue-

136 3115 203 3184 rit?
227 3112 368 3206 Valgius
386 3114 493 3196 enim,
516 3136 603 3203 quae
624 3114 686 3181 suit
707 3114 809 3182 docta
829 3115 901 3206 ejus
922 3115 1101 3201 industria,
1125 3123 1259 3183 tantum

137 3218 271 3305 aberat,
297 3217 384 3284 utin
398 3216 611 3293 conficiendis
626 3217 783 3285 rhetorici
798 3227 832 3286 et
845 3218 1054 3310 grammatici
1068 3216 1260 3310 argumenti

136 3321 229 3389 libris
251 3342 288 3388 sc
316 3320 520 3406 contineret,
546 3329 584 3386 ut
604 3343 667 3411 per
701 3318 848 3389 diversas
870 3321 1118 3412 disciplinarum
1140 3331 1258 3412 partes

137 3423 245 3497 veluti¹
263 3430 423 3516 vagatus,
442 3421 519 3514 jam
539 3432 648 3490 aetate
667 3433 846 3515 provectus
866 3425 1113 3515 perscrutando
1129 3425 1259 3492 herba-

137 3548 211 3597 mm
230 3525 305 3595 usui
320 3525 467 3594 studium
477 3527 703 3617 impenderet:
729 3526 797 3594 vid.
820 3549 923 3618 snpra
943 3522 978 3622 §.
997 3527 1032 3597 2.
1083 3529 1151 3596 Hic
1175 3550 1260 3623 vero

137 3626 295 3722 Valgius,
321 3652 480 3720 opernm,
514 3652 602 3718 quac
623 3628 782 3718 diximus,
807 3640 941 3712 auctor,
978 3632 1031 3698 cui
1052 3654 1261 3723 praenomen

142 3728 222 3823 cajt
241 3731 346 3801 fuisse
368 3734 469 3800 allata
486 3733 687 3824 scriptorum
709 3743 861 3801 veterum
883 3734 1070 3802 testimonia
1093 3735 1261 3822 evincunt,

139 3835 270 3926 scripsit
283 3835 383 3904 etiam
398 3835 442 3903 de
455 3857 551 3903 more
564 3835 649 3903 illius
665 3838 788 3904 saeculi
803 3837 959 3918 carmina,
976 3860 1121 3926 quornm
1133 3838 1265 3927 aliquot

137 3937 346 4031 Fragmenta
368 3938 462 4030 apud
476 3939 722 4009 Grammaticos
741 3939 913 4029 hodieque
929 3951 1117 4032 supersunt.
1169 3943 1262 4008 Nam

242 4039 319 4112 Xll.
371 4040 542 4110 Charisius
559 4042 586 4109 I.
604 4042 665 4110 Gr.
682 4043 709 4110 Ι.
733 4067 768 4135 p.
788 4041 849 4110 84.
866 4043 904 4112 P.
928 4061 1099 4135 exponens
1120 4042 1164 4111 de
1185 4065 1262 4112 voc.

4 4236 8 4249 Ι
92 4217 95 4225 ,
126 4142 368 4238 'mergerem
394 4144 488 4237 quod
506 4146 700 4214 neutraliter
724 4146 836 4214 dicere
857 4145 1011 4215 vitiosum
1035 4148 1093 4234 sit,
1119 4155 1186 4236 „et
1205 4155 1262 4217 ιι,-

140 4269 238 4336 ιιιιιι,
262 4246 386 4339 inquit,
411 4247 506 4319 multi
525 4248 694 4336 dixerunt,
719 4261 758 4321 ut
779 4249 918 4344 Valgius
938 4251 972 4321 in
997 4252 1262 4347 epigrammatos
