2768 4838
351 316 412 379 ,ιι
436 317 475 371 ιι.
500 317 634 371 rouro
657 318 883 374 arraoooo
907 302 1065 424 rcere.
1190 295 1270 373 858

143 462 305 553 ,Cicero
296 486 332 535 ιιι
348 462 458 535 Bruto
486 488 518 537 c.
538 463 609 538 85.
623 468 739 538 tredit·
772 469 818 539 cl
843 466 996 539 Ellendti
1014 468 1208 563 Ptolegom.
1230 490 1268 562 p

149 546 232 639 Lvl'
251 592 303 657 sq.
347 568 407 660 tld
428 566 520 645 bunc
540 570 682 640 Furium
700 571 775 641 illos
795 571 889 664 apud
917 570 1133 641 Macrobinm
1154 594 1271 642 versus

151 694 230 739 cum
243 670 350 741 Hen'r.
366 670 547 764 stephana
563 674 642 743 etl‘.
650 672 785 744 Merula
798 674 843 743 ad
855 673 1140 787 EnniiFragnnp.
1146 672 1269 745 XLVI.

143 773 434 855 ,referendosesse
447 786 482 844 et
494 774 536 842 in
532 775 594 844 bis
606 775 793 867 Amoiibus
818 777 928 846 Catuli
953 800 1008 847 res
1027 782 1092 868 per
1115 778 1272 847 consula·

151 887 349 968 tumgestos
364 876 501 946 traditas
515 879 752 970 expositasque
762 879 867 955 fuisse
881 887 976 970 puto.
1027 879 1118 948 Tam
1133 878 1272 949 doctum

151 979 475 1069 autemcultumque
489 991 648 1072 poetam,
673 981 809 1072 qualem
828 981 919 1051 hunc
933 979 1073 1053 Furium
1092 983 1194 1051 fuisse
1214 982 1273 1053 illa

120 1114 125 1122 ι
151 1082 342 1178 fragmema
360 1081 528 1174 produnt,
554 1082 637 1173 quid
657 1085 779 1153 mirum
799 1083 827 1152 si
847 1083 1007 1177 Virgilius
1024 1082 1165 1175 dignum
1189 1107 1273 1153 cen-
1374 1088 1381 1101 ‘

152 1185 234 1269 suit,
261 1206 364 1273 quem
383 1184 508 1276 passim
527 1184 710 1269 imitatione
729 1186 915 1255 redderet?
945 1185 993 1254 Et
1016 1186 1043 1254 si
1063 1185 1152 1256 forte
1174 1184 1274 1257 alicui

145 1287 287 1355 illorum
308 1308 466 1365 versuum
479 1288 586 1357 oratio
607 1288 752 1358 limatior
770 1290 956 1381 cultiorque
976 1287 1145 1371 videatur,
1172 1310 1275 1378 qoam

144 1410 242 1479 ,quae
266 1388 301 1457 in
321 1389 419 1458 istam
440 1388 564 1458 cadere
583 1391 694 1483 possit
719 1400 882 1482 ιιιιιιιιι,
913 1391 942 1461 is
970 1399 1160 1477 memento,
1199 1411 1295 1462 esso*

153 1489 239 1575 haec
253 1502 449 1586 poematum
457 1492 655 1585 'fragmenta
667 1495 750 1563 illas
753 1493 960 1588 margaritas,
976 1490 1060 1584 quas
1067 1491 1274 1562 Mantuanus

143 1603 264 1680 uates,
289 1605 326 1663 ut
348 1616 390 1664 ex
408 1596 509 1665 Ennii
529 1604 695 1684 stercore,
726 1594 803 1666 ita
793 1620 831 1667 ιιι
848 1597 1039 1666 universnm
1060 1617 1114 1664 cx
1123 1603 1276 1665 veterum

146 1705 333 1789 poetarum
354 1699 514 1790 operibus
535 1698 717 1791 sublegere
734 1700 979 1773 consuevisset.
1005 1697 1061 1769 Cf.
1084 1696 1274 1790 comment.

155 1797 193 1869 d.
206 1799 332 1870 Hoslio
346 1800 462 1871 Poeta
474 1796 511 1894 ὃ.
525 1798 561 1871 θ.
579 1798 662 1894 et§.
675 1800 711 1873 9.
723 1801 767 1872 Ν.
781 1801 840 1871 lv.

258 1903 385 1969 Verum
400 1905 489 1971 enim
503 1924 586 1970 vero
601 1903 674 1992 quis
696 1903 759 1971 sibi
776 1898 974 1995 persuaderi
988 1899 1152 1993 potiatur,
1177 1918 1276 1969 eum·
1278 1988 1281 1993 .

157 2001 238 2070 dem
249 2003 410 2088 Furium,
435 2005 601 2072 viventem
615 2004 727 2077 adlruc
743 2029 786 2075 ea
800 2013 927 2090 aetate,
954 2025 1021 2094 qua
1043 2003 1090 2071 uti
1110 2001 1276 2095 reipubli—
1343 2032 1351 2055 ι-

158 2127 220 2173 cae
233 2105 355 2191 robur,
380 2105 426 2174 ita
440 2095 651 2199 ingeniorum
668 2107 716 2176 vis
730 2107 882 2177 nondum
895 2106 1101 2198 elangueret,
1121 2128 1185 2173 nec
1196 2127 1278 2175 ner-

157 2227 240 2276 vosa
265 2210 426 2279 sermonis
447 2208 559 2279 Latini
583 2203 730 2303 gravitas
749 2210 832 2281 luxu
849 2220 886 2279 et
911 2208 1037 2277 deliciis
1061 2209 1169 2277 fracta
1194 2216 1277 2294 erat,

156 2311 241 2379 tales
256 2311 403 2395 scribere
415 2313 566 2405 potuisse
579 2336 714 2401 versus,
739 2314 856 2403 quales
870 2334 892 2379 a
903 2294 1019 2379 Gellio
1036 2333 1067 2378 er
1055 2307 1277 2378 adscriban-

158 2423 229 2498 tur,
261 2415 399 2504 molles,
417 2414 586 2519 elumbes
615 2425 654 2485 et
671 2416 853 2487 uerborum
876 2413 1031 2515 ampullis
1059 2410 1277 2495 diffluentes?

159 2463 253 2601 Quis
271 2537 339 2585 non
360 2468 526 2587 lubentius
554 2541 688 2588 mecum
716 2541 835 2611 eorum
855 2508 1031 2587 auctorem
1053 2512 1155 2583 faciat
1183 2512 1279 2584 illum

159 2628 317 2711 poetam,
344 2644 401 2710 qm
391 2622 462 2690 ob
479 2621 632 2691 dictionis
645 2601 813 2691 tumorem
831 2620 875 2690 ab
892 2619 1035 2689 Horatio
1052 2616 1184 2686 acerbe
1195 2639 1279 2710 per-

123 2756 130 2777 =
161 2723 356 2813 stringitur?
380 2724 540 2794 Attamen
557 2724 648 2795 hanc
670 2748 740 2816 quo
759 2747 870 2793 mmus
892 2722 963 2791 sine
982 2721 1201 2797 haesitatione
1222 2743 1279 2789 se·-

162 2846 304 2915 quamur
332 2825 540 2917 opinionem,
562 2851 642 2895 -non
671 2838 741 2897 ιιιιι
766 2824 850 2895 illud
872 2823 999 2911 obstat,
1030 2822 1126 2914 quod
1148 2822 1279 2892 Gellius

162 2935 559 3021 eumceterempoelum
572 2930 739 3022 appellat,
764 2928 793 2997 si
812 2927 950 3019 quidem
975 2926 1076 2995 etiam
1095 2925 1278 2995 Bibaculus

155 3029 236 3122 jure
260 3054 281 3098 a
304 3024 417 3100 Gellio
439 3026 507 3101 hoc
529 3034 664 3101 nomine
686 3031 898 3101 cohonestari
923 3029 1049 3122 potuit,
1084 3050 1187 3117 quam
1208 3028 1278 3110 illu,
1340 3052 1343 3057 ’

163 3133 209 3200 de
223 3156 291 3223 qua
304 3133 465 3222 diximus,
492 3133 620 3227 Capitis
640 3135 822 3227 inscriptio.
873 3131 980 3227 Cujus
1003 3139 1116 3199 tamen
1131 3130 1279 3223 ιιθίοῐῖτ

153 3243 267 3330 'utem
279 3245 314 3306 et
326 3232 460 3330 pondus
473 3260 620 3333 pronum
633 3248 722 3309 esset
734 3238 781 3306 ita
794 3236 944 3323 elevare,
969 3241 1008 3302 ut
1027 3256 1047 3300 a
1069 3231 1183 3315 seriori
1204 3254 1281 3302 earn

164 3358 266 3406 uranu
282 3339 451 3431 adjectam
463 3365 539 3411 csse
551 3340 755 3429 diceremus,
780 3339 842 3409 nisi
855 3341 931 3432 ipse
944 3334 1074 3407 Gellius
1085 3335 1281 3427 refragare-

165 3448 239 3529 tur,
273 3443 384 3531 quiin
406 3446 474 3513 line
493 3445 713 3515 Praefationis
740 3467 820 3514 suae
845 3442 889 3514 Τ.
910 3441 936 3510 1.
956 3463 993 3533 p.
1017 3434 1076 3508 lb.
1101 3439 1155 3507 ed.
1178 3436 1280 3508 Conr.

165 3541 270 3611 haece
307 3541 439 3636 Cupito
456 3569 595 3635 rerum,
628 3569 723 3641 quoe
742 3549 867 3641 cuique
886 3541 1137 3615 commentatio
1156 3539 1282 3627 insuol,

166 3646 390 3738 seposuimus
403 3648 462 3718 bic
473 3650 657 3721 ιιιίυειιιιι
680 3644 810 3743 sijum
820 3648 942 3744 statim
958 3645 1174 3731 declaretur,
1193 3642 1283 3737 quid

157 3769 278 3843 *quove
300 3750 337 3817 io
360 3749 450 3821 libro
472 3754 598 3845 quaeri
620 3753 835 3846 invenirique
845 3744 848 3749 ’
852 3749 977 3844 possit
1041 3747 1119 3816 Hoc
1145 3744 1190 3815 de
1219 3746 1282 3815 illis

167 3850 332 3922 lemmatis
360 3854 582 3923 testimoninm
611 3855 733 3946 Gellii,
775 3854 868 3948 quod
895 3854 1002 3922 Henr
1024 3847 1227 3941 Stephanus
1249 3857 1283 3918 et

168 3953 308 4026 salmas·
287 3979 349 4024 rus
362 3957 398 4024 in
412 3956 558 4038 νοθείας
575 3959 807 4077 suspicionem
813 3957 1039 4049 adduxerant,
1064 3976 1185 4061 aspere
1201 3975 1284 4021 con·

167 4065 219 4124 tra
235 4067 414 4150 utrumqne
429 4060 579 4131 defendit
594 4060 807 4131 Gronovius
797 4082 831 4129 ιιι
845 4061 925 4129 Νοι.
944 4004 1039 4128 sdb.
1049 4055 1080 4130 1.
1089 4065 1135 4129 ,ιιι
1151 4074 1194 4129 ex
1187 4054 1285 4227 ipsp

170 4158 272 4230 Gellii
293 4162 485 4258 archetypo
504 4173 733 4259 propagatum
753 4186 828 4235 esse
855 4158 1039 4231 contendit
1052 4157 1275 4252 utnon

238 4294 289 4369 ιι)
170 4266 1290 4436 muptmmoutpluuummztmmtw
