2768 4838
124 265 214 360 214'
381 286 437 356 o'a
462 302 497 361 o.·
521 300 687 353 saucio
711 284 823 351 n'uro
847 286 1012 357 roara',

125 454 264 529 11111111.
324 452 415 525 Nam
432 434 517 529 iliud
541 451 792 549 Panegyricum
819 449 856 517 in
884 446 1070 517 Messalam
1098 456 1248 539 cannen,

125 548 331 631 rhbtoricum
350 558 458 651 magis
482 579 585 647 quam
603 556 793 649 poeticum,
818 552 909 620 malo
932 576 973 621 ac
994 552 1098 622 veluti
1118 553 1247 625 furtivo

124 662 218 757 pede
237 661 366 731 Tibulli
379 661 495 755 elegiis
513 658 720 753 adrepsisse,
745 680 814 727 una
827 656 901 726 iere
917 664 968 725 est
979 655 1083 725 bodie
1102 681 1143 725 ac
1158 680 1247 727 con-

126 764 271 836 sentiens
285 763 443 833 Virorum
457 764 643 831 Doctorum
656 784 724 831 vox
737 784 777 829 ae
785 758 972 852 judicium,
999 760 1042 828 de
1062 782 1130 850 quo
1145 760 1246 829 vide÷

126 869 169 939 sis
182 866 303 936 Baebii
317 866 460 959 Epistol.
476 862 558 937 crit.
572 865 608 933 in
619 864 745 933 'libuli
764 860 904 932 Gothae
924 860 1034 941 1812.
1051 886 1087 955 p.
1103 861 1153 930 26
1168 886 1246 955 sqq.

125 973 240 1062 Atque
254 968 311 1039 bie
325 970 399 1063 ipse
412 970 525 1055 locus,
550 967 596 1035 ad
612 965 815 1037 Ouidianum
829 966 923 1055 illum
938 988 981 1033 ex
992 966 1090 1033 Pont.
1105 966 1182 1038 Lib.
1199 966 1244 1037 11.

127 1074 187 1143 111.
207 1072 265 1144 13.
280 1072 428 1161 eilietus,
454 1070 657 1140 documento
674 1093 748 1140 esse
761 1077 890 1163 potest,
909 1067 1068 1163 jejunum
1088 1069 1179 1137 istud
1203 1092 1247 1139 ac

125 1176 282 1271 putidum
301 1198 438 1245 carmen
459 1198 533 1243 esse
551 1174 675 1267 ingenii
693 1172 884 1242 scholastici
904 1172 1028 1259 fetum,
1055 1172 1151 1265 eujus
1173 1172 1246 1241 ori-

126 1282 240 1373 ginem
253 1300 294 1347 ac
309 1280 405 1369 quasi
422 1272 548 1346 natales
564 1278 732 1346 verisimili
751 1272 856 1345 modo
878 1275 1070 1369 explanavit
1089 1274 1246 1365 Heyniu's

126 1383 162 1451 in
184 1380 375 1453 Observatt.
403 1379 450 1449 ad
469 1380 596 1469 'i'iball
624 1380 664 1449 P.
685 1380 729 1450 li.
756 1404 792 1473 p.
818 1376 894 1446 alu
920 1402 970 1468 sq.
993 1377 1046 1449 ed
1067 1378 1246 1453 Wundcrl.

126 1486 248 1575 Neque
274 1486 362 1553 euim
383 1482 589 1578 persuadent
608 1482 767 1575 Vulpius,
799 1480 994 1550 Husebkius
1018 1481 1159 1572 aliique,
1186 1480 1248 1573 qni

125 1586 195 1656 hoc
208 1609 333 1681 poema
347 1610 369 1654 a
384 1586 541 1675 Tibullo,
566 1584 622 1652 vix
640 1586 818 1678 pueritiam
838 1607 994 1675 egresso,
1021 1584 1248 1675 compositum

30 1762 34 1770 ,
127 1692 356 1783 suspicantur,
397 1710 493 1780 cum,
532 1687 596 1755 alia
623 1698 663 1757 ut
690 1687 748 1755 hic
774 1687 943 1772 omittam,
982 1685 1158 1756 'libuilum
1191 1688 1249 1757 vei

126 1792 414 1863 adolescentulum
429 1814 497 1862 uon
510 1790 688 1883 probabile
702 1791 744 1859 sit
759 1789 846 1858 adeo
863 1789 1066 1883 desipuisse,
1082 1800 1129 1872 nt,
1143 1814 1249 1880 quem

127 1896 224 1964 nullis
237 1896 323 1965 inter
342 1894 500 1985 aequales
515 1893 621 1986 epicis
640 1889 840 1963 carminibus
854 1892 1048 1961 inclaruisse
1070 1902 1249 1982 constaret,

128 2020 206 2067 eum
228 2006 298 2065 tam
320 1999 503 2088 magnifica
527 2005 630 2086 atque
658 1999 731 2066 fere
762 1996 887 2065 insulsa
906 2004 1069 2064 mactaret
1089 1996 1189 2064 laude
1212 2006 1250 2065 et

126 2101 281 2170 Homero
295 2100 487 2193 proximum
500 2099 637 2168 diceret.
688 2099 736 2169 Et
754 2098 886 2167 Baebio
906 2099 941 2166 in
955 2098 1145 2167 Comment.
1162 2099 1248 2171 Crit.

129 2202 163 2277 d
178 2202 303 2271 Tibuii.
319 2201 431 2283 Germ.
445 2202 626 2270 Anthentia
641 2225 678 2294 p.
692 2198 798 2271 XLV.
819 2201 968 2293 putanti,
994 2210 1166 2270 auctorem
1177 2202 1251 2271 bu-

122 2306 181 2401 jus
196 2305 363 2398 poematis
380 2328 453 2374 esse
473 2323 575 2373 unum
597 2326 639 2373 ex
657 2303 696 2375 iis
720 2304 1006 2388 adolescentibus,
1033 2305 1093 2393 qui
1116 2306 1250 2394 eadem,

130 2432 198 2500 qua
219 2409 374 2477 'libuilus
392 2409 535 2498 aliique,
566 2408 705 2501 publiea
732 2409 919 2476 calamitate
942 2407 1059 2475 afflicti
1078 2417 1112 2476 et
1131 2411 1249 2501 patriis

128 2512 226 2581 bonis
248 2512 336 2580 exuti
357 2520 483 2596 essent,
517 2509 692 2598 quominus
720 2511 870 2579 assentiri
893 2511 1039 2602 possim,
1073 2534 1114 2579 eo
1135 2513 1251 2605 irnpe-

131 2615 222 2701 dior,
257 2614 352 2704 quod
372 2614 497 2681 nullam
515 2613 551 2679 in
581 2612 656 2704 ipso
679 2634 786 2703 opere
806 2612 906 2680 video
928 2611 1084 2681 idoneam
1113 2623 1148 2684 11
1169 2615 1250 2684 satis

129 2739 271 2811 gravem
291 2715 364 2810 ejus
384 2714 581 2807 opinationis
601 2714 774 2785 rationem.
826 2717 948 2805 Neque
969 2716 1068 2784 etiam
1092 2718 1250 2788 orationis

131 2820 227 2888 color
247 2842 312 2911 per
341 2826 448 2887 totum
479 2816 619 2887 diffusas
651 2840 788 2889 carmen
811 2841 932 2887 aureae
954 2821 1069 2888 aetatis
1096 2821 1251 2891 indolem

129 2922 251 3004 refert3
276 2921 313 2990 id
333 2921 428 3010 quod
442 2920 591 2990 Baebius
608 2922 683 3014 ipse
707 2932 742 2991 et
764 2923 866 2991 sensit
890 2931 924 2990 et
946 2923 1034 2991 bene
1055 2922 1249 2995 declaravit.

131 3024 172 3095 Si
190 3023 282 3093 idem
301 3023 342 3093 V.
362 3024 405 3094 D.
432 3024 546 3105 scribit
568 3048 603 3116 p.
628 3024 771 3111 xuvl„
798 3026 859 3093 sibi
882 3026 989 3093 videri
1012 3025 1081 3093 boc
1103 3050 1251 3115 carmen,

81 3148 84 3153 ·
130 3126 254 3225 Valgio
276 3126 380 3215 duce,
420 3128 507 3196 inter
533 3128 797 3198 versificatorum
824 3128 979 3197 subsellia
1007 3132 1250 3223 compositnmc

130 3230 279 3323 ingenue
301 3230 426 3317 fateor,
458 3254 514 3300 me
534 3228 620 3298 baec
640 3253 751 3322 neque
778 3231 965 3323 intelligere
989 3233 1083 3318 satis,
1123 3234 1251 3301 nedum

132 3335 279 3431 probare
293 3355 395 3425 posse
414 3332 462 3426 ⁵).
495 3334 602 3420 Nam,
624 3333 751 3405 etiamsi
766 3341 949 3419 constaret,
974 3333 1132 3431 Valgium
1146 3337 1251 3404 fuisse

134 3434 417 3523 Grammatieum,
450 3434 508 3527 qul
528 3447 646 3530 aperto
668 3438 801 3505 Romae
822 3436 903 3506 iudo
927 3435 1089 3531 juvenilia
1114 3440 1251 3531 ingenia

133 3537 180 3607 ad
198 3562 278 3608 suae
300 3539 344 3609 de
364 3549 436 3609 arte
455 3540 590 3632 poetica
608 3540 857 3634 praeceptionis
878 3562 1032 3612 normam
1055 3543 1249 3630 exercuerit,

133 3648 245 3712 tamen
265 3642 358 3711 illum
380 3643 415 3714 in
443 3640 628 3713 Messalam
650 3642 898 3736 Panegyricum
918 3643 953 3712 in
979 3647 1251 3713 exercitationum

69 3792 71 3802 .
134 3766 194 3812 seu
216 3746 393 3835 palescis,
425 3747 570 3841 Augusti
597 3769 681 3815 aevo
712 3748 927 3838 scriptamm,
965 3748 1092 3817 referre
1113 3771 1251 3817 censum

134 3844 332 3917 dubitarem.
390 3846 530 3922 Certum
552 3849 636 3922 mihi
656 3857 726 3941 est,
757 3848 840 3922 illud
861 3873 986 3946 poema
1006 3850 1165 3922 deteriori
1186 3850 1250 3920 de-

133 4004 344 4022 m

202 4075 233 4146 b)
266 4078 363 4133 Baebii
380 4080 522 4135 sententiae
538 4081 690 4151 subscripsit
704 4082 870 4151 nuperrimos
892 4082 997 4137 Tibuiii
1013 4079 1098 4136 editor
1121 4081 1171 4138 Pir.
1192 4082 1252 4138 Am.

134 4145 168 4199 dc
184 4147 293 4215 ocules
311 4147 515 4220 (Periclem.)
531 4171 557 4222 p.
574 4152 652 4216 1111)..
675 4154 751 4218 cnjus
768 4155 879 4207 verbom
895 4154 929 4206 de
944 4151 1048 4205 'l’ibniii
1065 4152 1127 4204 Vita
1143 4152 1249 4205 11011·-
1284 4196 1287 4201 .

134 4215 548 4349 gissbmffimfflssfflm
563 4223 590 4279 b.
607 4222 721 4293 sponsu
736 4239 848 4287 acumen
865 4222 1027 4279 1111111111
1044 4237 1106 4276 cum
1124 4218 1252 4289 destituit,
