2768 4838
198 310 277 382 m
459 328 515 379 nu
539 326 572 379 o.
599 328 765 377 vanoro
792 326 903 376 noro
927 325 1082 376 roura.

202 488 310 558 solum
322 482 462 554 Varium
474 508 550 554 esse
563 508 659 573 amn,
684 486 743 575 qui
756 484 793 553 id
806 484 910 577 digne
923 493 1095 577 praestare
1110 478 1235 573 possit;
1249 476 1329 549 sed

201 591 267 685 ipsi
283 588 369 657 adeo
381 589 556 680 Augusto,
575 590 726 681 impense
741 598 776 657 et
789 611 867 656 cum
881 587 1030 677 quadam
1042 582 1329 676 indignatiuncula

202 693 352 785 roganti,
385 700 422 758 ut
449 692 552 783 ipsius
584 692 676 759 facta
699 701 851 780 caneret,
889 691 1013 776 defuit,
1051 688 1162 756 multis
1187 685 1328 776 quidem

203 795 360 865 beneficii
377 816 419 861 ac
439 794 567 886 gratiae
588 794 726 863 vinculis
748 794 946 880 obstrictus,
972 794 1071 882 eique
1091 791 1268 881 Virgilium
1291 798 1328 857 et

205 898 345 968 Varium
357 896 572 965 commendat
591 906 764 988 tamquam
784 897 924 965 idoneos
947 897 1105 963 virtutum
1128 894 1201 984 ejus
1222 914 1328 984 prae-

74 1082 77 1087 ·
207 1024 328 1085 eones,
353 1000 433 1067 licet
454 1000 616 1088 fateatur,
642 1024 679 1070 se
694 1023 829 1090 quoque
850 1000 951 1068 malle
973 1022 1027 1066 res
1049 1007 1162 1089 gestas
1181 1018 1328 1087 compo-

207 1126 307 1189 nere,
346 1124 449 1192 quam
474 1126 642 1172 sermones
670 1127 735 1195 per
760 1104 901 1171 humum
928 1110 1103 1193 repentes,
1136 1099 1188 1186 si,
1221 1108 1260 1165 ut
1281 1098 1329 1165 nit

206 1207 316 1298 Epist.
329 1204 372 1275 ll
386 1203 420 1276 l.
442 1227 473 1274 v.
490 1204 594 1294 ΖΜ,
618 1214 792 1298 quantum
811 1226 994 1298 capererur,
1014 1224 1159 1296 possem
1179 1212 1328 1293 quoquc.

207 1308 296 1394 Quis
322 1308 425 1399 igitur
454 1309 517 1377 sibi
535 1308 759 1401 persuadeat,
791 1308 951 1401 Valgium
970 1307 1028 1375 lrio
1049 1306 1094 1374 ab
1122 1305 1266 1373 Horatio
1284 1325 1329 1371 ox

206 1433 287 1481 uera
304 1411 403 1481 animi
419 1412 581 1479 sententia
593 1421 814 1503 provocatum
835 1418 926 1497 esse,
952 1420 990 1478 ut
1006 1408 1152 1501 Augusti
1171 1405 1328 1476 victorias

209 1523 268 1582 aut
282 1514 389 1604 lyrico
405 1522 464 1580 aut
479 1515 577 1606 epico
592 1516 779 1583 celebraret
793 1515 965 1582 carmine?
990 1513 1038 1581 Et
1053 1512 1125 1602 quis
1146 1510 1226 1578 iude
1242 1530 1329 1577 cou-

208 1616 338 1703 cludat,
363 1615 523 1706 Valgium
534 1616 569 1683 in
582 1626 727 1707 utroque
740 1620 926 1685 carminum
941 1639 1068 1708 genere
1085 1614 1231 1683 studium
1249 1634 1330 1679 cum

207 1718 310 1788 laude
328 1717 507 1810 posuisse?
538 1719 670 1787 Idcirco
693 1720 727 1787 in
747 1719 813 1787 hac
832 1720 1060 1813 pereleganti,
1087 1740 1154 1806 qua
1175 1738 1254 1785 usus
1275 1723 1330 1783 est

207 1820 385 1905 Horatius,
401 1821 628 1891 'conversione
658 1822 741 1889 nihil
764 1845 832 1914 ego
852 1822 952 1891 video
973 1823 1035 1891 uisi
1052 1819 1330 1904 blandimentum,

202 1920 278 2014 ¹quo
292 1922 435 2016 poeticis
459 1925 556 1992 amici
577 1924 691 1993 studiis
710 1926 894 1995 velificatus
916 1927 969 1995 sit
1024 1925 1138 2011 Quem
1159 1923 1248 1990 enim
1263 1942 1330 1988 no-

207 2035 303 2094 verat
320 2025 436 2117 elegiis
452 2027 637 2096 scribendis
651 2038 844 2112 vacantem,
870 2051 965 2116 eum,
992 2051 1061 2117 quo
1081 2026 1202 2094 fortius
1224 2047 1245 2091 a
1264 2021 1330 2090 tri·

208 2128 296 2197 stitia
318 2136 356 2196 et
384 2127 477 2196 luctu
503 2139 676 2216 avocaret,
716 2131 895 2219 incitabat,
932 2141 970 2199 ut
993 2130 1168 2199 materiam
1188 2126 1331 2195 heroico

184 2320 187 2325 Ι
208 2230 347 2324 dignm
366 2252 467 2299 versu
486 2233 697 2300 metandam
722 2235 784 2303 sibi
812 2243 976 2321 sumeret,
1003 2242 1053 2320 et,
1080 2233 1162 2300 dum
1187 2231 1219 2298 ei
1240 2250 1332 2297 nova

4 2434 8 2467 ,
135 2359 138 2368 ’
207 2334 354 2427 Auem·
366 2342 507 2425 ir⁰l³¹¹i¹⁸
521 2337 715 2429 ¹¹⁰11ffilflfim
727 2337 961 2431 proponebat,
981 2335 1217 2404 blandiebatur
1232 2331 1332 2401 simul

206 2436 414 2532 principibus
427 2439 490 2508 illis
506 2440 601 2527 viris,
628 2440 748 2531 quibus
760 2442 898 2534 placere
914 2440 1008 2512 haud
1025 2440 1140 2510 ultima
1153 2439 1227 2507 laus
1245 2443 1330 2505 erat.

717 2587 824 2690 qr.

311 2741 392 2812 dam
403 2740 534 2813 baecsi
552 2744 684 2815 auobis
698 2755 793 2814 recte
815 2754 891 2815 suut
904 2744 1090 2838 dispuiita,
1115 2743 1151 2811 in
1173 2738 1333 2809 confesso

210 2852 284 2933 est,
307 2845 343 2914 in
355 2856 499 2936 utroque
513 2848 646 2917 Horatii
660 2850 806 2918 carmine
827 2872 895 2918 nou
915 2850 975 2917 uisi
994 2858 1094 2917 tenue
1117 2847 1224 2913 inesse
1240 2864 1333 2935 poe·

174 3016 178 3023 ,
208 2951 313 3036 ticae,
340 2971 408 3038 qua
422 2948 562 3043 Valgius
577 2953 749 3044 praeditus
763 2954 880 3037 fuerit,
906 2953 1071 3019 facultatis
1087 2948 1332 3016 testimonium:

209 3053 239 3121 si
254 3051 393 3142 quidem
409 3074 453 3120 ex
468 3074 527 3141 ea,
554 3054 598 3122 de
613 3078 681 3145 qua
696 3056 854 3141 diximus,
882 3053 960 3124 Oda
974 3055 1057 3122 nibil
1071 3061 1185 3145 potest
1204 3048 1332 3140 colligi,

209 3155 271 3223 uisi
282 3154 441 3246 Valgium
456 3154 501 3225 de
515 3153 653 3248 Mystes
667 3159 760 3227 obitu
777 3159 901 3249 elegias
923 3159 1161 3249 composuisse.
1214 3150 1332 3220 Nibilo

205 3266 322 3326 tamen
334 3258 441 3325 minus
461 3259 597 3353 fuerunt
618 3261 771 3350 quicum
793 3270 932 3353 poetam
949 3261 1098 3328 dicerent
1118 3257 1268 3350 epicum,
1295 3262 1333 3323 et

209 3361 321 3429 nescio
340 3380 429 3451 quae
443 3361 531 3453 epici
553 3365 685 3454 generis
710 3366 857 3432 carmina
879 3364 923 3431 ab
947 3386 989 3432 eo
1009 3364 1133 3455 scripta
1153 3357 1332 3426 commini-

211 3471 398 3549 scerentur,
423 3484 502 3532 cum
519 3464 667 3553 Horatii,
694 3474 767 3535 tum
781 3467 924 3535 maxime
941 3468 1023 3534 alius
1038 3474 1162 3560 poetae
1176 3463 1332 3530 testimo-

210 3566 267 3633 nio
277 3565 412 3634 inducti.
464 3567 553 3634 Nam
567 3567 661 3659 apud
674 3570 850 3637 Tibullum
863 3571 900 3637 in
914 3571 1128 3662 Panegyrico
1141 3568 1176 3635 in
1192 3564 1331 3633 Messa-

211 3666 278 3735 lam
294 3668 370 3736 Lib.
387 3668 446 3737 lV.
464 3668 498 3740 l.
512 3692 545 3741 v.
559 3670 645 3739 180.
658 3672 817 3764 legimus:

262 3769 331 3837 Est
355 3769 435 3857 tibi,
468 3773 528 3864 qui
547 3774 661 3866 possit
685 3776 831 3869 nrugnis
853 3796 894 3845 oe
918 3773 1111 3866 accingere
1133 3769 1251 3858 rebus,

269 3870 439 3965 Valgius,
465 3883 609 3945 aeterno
628 3880 781 3971 propior
805 3902 874 3947 non
899 3878 994 3946 ulter
1017 3875 1184 3965 Homero.

213 3996 282 4063 quo
304 3976 512 4065 poissimum
533 3979 612 4048 loco
632 3981 761 4051 lactum
781 3991 849 4071 est,
890 3989 927 4049 ut
949 3980 1086 4071 Valgius
1105 3977 1190 4057 inter
1212 3976 1332 4067 epicos

212 4098 335 4145 aureae
363 4081 477 4148 aetatis
503 4092 630 4172 poetas-
652 4094 688 4153 et
706 4109 829 4153 nomen
854 4092 888 4153 ct
918 4085 1030 4151 locum
1057 4087 1329 4167 consequeretur.

1 4224 3 4235 ·
66 4189 69 4194 '
212 4179 292 4249 Hoc
310 4178 400 4249 euim
417 4191 590 4273 tamquam
608 4187 868 4280 locupletissimo
882 4196 968 4256 teste
987 4182 1040 4253 usi
1063 4191 1142 4251 suut
1162 4189 1331 4270 quotquot

212 4282 285 4353 Viri
304 4282 406 4355 Docti
425 4284 584 4382 Valgium
603 4290 708 4385 epicis
731 4291 819 4362 Lati
836 4290 946 4385 poeu‘s
970 4293 1157 4357 accensent
1200 4281 1330 4369 Quid?
