2768 4838
145 254 206 351 {or
375 293 433 351 uu
458 295 491 353 c.
521 293 695 349 urcrnro
725 292 873 347 cauno
895 294 1056 350 eonon

152 448 317 541 pestirus,
340 448 433 519 nulld
447 447 564 518 decori
583 456 620 517 et
631 443 919 517 verisimilitudinis
933 447 1061 519 mtioue
1074 448 1206 540 habita,
1221 452 1266 521 ad

144 572 318 627 smmum
330 574 439 642 usque
451 552 693 646 impudentiam
706 551 823 638 luerit,
848 572 917 641 qua
930 552 1049 622 dnctns
1073 556 1270 646 persuaderi

151 677 253 748 posse
280 655 464 726 lectoribus
490 663 640 749 poteret,
678 654 742 724 has
771 654 938 725 orationes
965 657 1158 726 verisimiles
1183 682 1267 727 esse.

145 758 279 827 -Verum
293 759 381 827 euim
394 781 476 828 vero
491 782 573 831 nnm
584 758 714 827 Atticus
725 756 761 825 in
772 755 894 827 Macro
906 759 1137 850 impudentem
1153 761 1268 829 decori

142 882 356 951 suorumque
380 863 545 933 lectorum
572 861 821 952 neglectionem
843 869 880 930 et
899 870 1129 954 contemptum
1148 874 1267 932 notare

22 1040 31 1055 .
150 964 310 1049 volucrit,
342 964 561 1035 vehementer
583 964 703 1033 dubito
727 972 777 1049 et,
809 969 849 1031 nt
867 962 1040 1052 dubitem·
1063 967 1164 1035 totius
1183 968 1267 1035 mihi

151 1066 385 1160 disputationis
398 1069 483 1137 illins
498 1068 673 1137 consilium
685 1065 816 1135 suadet
863 1068 995 1138 Atticus
1012 1068 1114 1155 cuim,
1139 1078 1177 1137 ιιι
1189 1069 1266 1161 jam

150 1170 237 1256 dixi,
267 1171 304 1238 in
330 1171 492 1241 Romanis
517 1194 630 1241 rerum
649 1168 842 1242 sudoribus
868 1171 1030 1239 oratorias
1055 1172 1267 1263 potissimum

147 1273 287 1343 -virtntes
302 1273 514 1343 Graecorum
526 1274 713 1357 desiderat,
729 1273 878 1367 ideoque
892 1275 936 1341 ab
950 1296 1019 1343 uno
1033 1271 1084 1342 M.
1101 1274 1265 1345 Cicerone

22 1434 27 1442 .
143 1385 250 1468 mutat
263 1377 354 1447 effici
370 1400 492 1470 posse,
522 1377 606 1447 nihil
623 1386 661 1444 ut
681 1376 750 1443 hoc
771 1379 806 1446 in
829 1400 957 1470 genere
979 1377 1145 1447 Graeciae
1168 1378 1267 1448 cedet

144 1477 295 1557 Latium
361 1481 477 1565 Quare
498 1502 566 1571 ego
579 1480 691 1570 potius
706 1482 872 1549 entiores
886 1478 958 1573 ejus
977 1478 1129 1572 intelligo
1143 1480 1266 1550 loren-

146 1606 222 1671 ses,
236 1605 348 1673 neque
361 1605 497 1666 vereor,
516 1604 561 1649 ne
575 1581 612 1649 id
624 1591 753 1650 temere
765 1583 881 1651 ridear
892 1579 1106 1651 c‘onteudere.
1134 1584 1267 1668 Quem-

143 1686 337 1755 admodum
356 1686 447 1753 cuim
469 1685 624 1771 Sisenna,
655 1706 760 1774 quem
778 1694 883 1778 negat
901 1684 1032 1753 Atticus
1052 1707 1214 1774 umquam
1232 1689 1267 1758 in

150 1798 322 1859 oratorum
344 1810 486 1857 numero
509 1787 665 1856 habitum
682 1788 801 1873 fusse,
833 1812 855 1857 a
881 1787 1044 1858 Cicerone
1062 1787 1096 1855 in
1115 1786 1211 1857 Brut.
1235 1813 1266 1862 c.

145 1890 211 1961 64.
226 1893 313 1959 irrter
328 1889 491 1959 Oratores
506 1900 700 1961 recensetur
723 1891 842 1961 doctos
862 1898 899 1961 et
917 1889 1050 1981 optimis
1069 1889 1184 1958 studiis
1201 1892 1265 1960 de-

150 1993 256 2076 ditos;
281 1995 327 2062 ita
339 1993 467 2062 ibidem
489 2017 518 2067 c.
534 1992 597 2063 (ii.
615 1992 656 2064 C.
674 1992 806 2063 Macer
825 1993 980 2084 quidam,
1004 2001 1179 2083 tamquam
1197 2017 1265 2086 pa-

125 2105 264 2165 'tronns
278 2096 549 2191 diligentissimus
563 2107 785 2184 memoretur,
810 2097 905 2189 cnjus
917 2097 950 2165 si
965 2096 1057 2184 vita,
1082 2105 1121 2165 ut
1142 2095 1264 2167 Cicero

147 2201 281 2291 pergit,
304 2201 337 2269 ai
350 2220 494 2284 mores,·
506 2200 539 2269 ai
553 2200 671 2270 nullm
684 2200 835 2293 denique
849 2221 919 2269 mn
937 2220 1074 2267 ornnem
1087 2220 1263 2268 commen·
1301 2192 1304 2196 ’

145 2302 330 2373 dationem
350 2303 486 2395 ingenii
511 2310 701 2392 everteret,
741 2298 860 2395 majos
879 2320 1005 2371 mosen
1032 2303 1069 2370 in
1098 2304 1265 2394 patronis
1345 2294 1352 2309 ‘

146 2403 282 2493 suimet.
308 2403 391 2475 Non
404 2413 485 2475 erut
499 2404 706 2499 edendune,
719 2428 789 2475 non
803 2406 905 2499 hope
915 2412 1055 2482 tunicor
1067 2426 1136 2473 non
1152 2404 1263 2474 valde

62 2528 65 2533 ·
147 2510 281 2593 nitens,
301 2530 369 2578 non
380 2510 495 2600 plane
507 2509 659 2577 liorridu
676 2510 812 2599 oratio,·
832 2531 922 2593 vox,
936 2514 1079 2601 gestae,
1103 2515 1137 2576 et
1149 2508 1261 2578 omnis

147 2602 244 2681 nctio
266 2612 341 2681 sine
354 2612 476 2704 lepore
481 2637 497 2701 ‚-
520 2619 561 2681 ut
579 2612 616 2680 in
634 2610 851 2681 inveniendis
870 2610 1187 2703 componendisque
1199 2632 1261 2680 re·
1310 2664 1326 2697 ,

146 2712 215 2784 due
234 2715 330 2783 miro
343 2714 548 2793 occwntim
572 2722 613 2783 ut
633 2716 705 2784 riori
713 2713 827 2807 focile
851 2715 888 2783 in
904 2714 978 2783 sallo
998 2713 1262 2806 diligentiorem

147 2812 387 2909 mojorenrqne
401 2818 650 2910 cognouerim3
662 2818 729 2887 aed
743 2840 826 2888 enon
837 2824 876 2887 ut
890 2814 1262 2902 citiusoeterntorium,

147 2942 257 3013 quum
270 2921 467 2991 oratoriam
480 2920 628 2991 diceres.
659 2920 732 2992 Hic
743 2921 809 2991 etsi
823 2921 932 2991 etium
944 2920 981 2988 in
988 2918 1143 3012 paluels
1156 2941 1263 2988 cons-
1372 2938 1377 2945 ·

146 3024 197 3093 eis
206 3021 449 3117 probabatur,
475 3031 593 3094 tumen
616 3024 653 3094 in
668 3024 825 3118 priuatis
843 3024 1071 3093 illustriorem
1086 3020 1264 3091 obtinebat

124 3152 129 3159 ·
147 3126 273 3197 locum
325 3126 440 3211 Quam
457 3127 694 3198 vividssimam
713 3127 754 3201 C.
773 3126 885 3209 Macri
899 3125 1052 3195 Oratoris
1069 3124 1263 3220 imaginem,

147 3230 252 3299 modo
270 3226 299 3299 si
315 3230 467 3299 animum
488 3232 673 3322 oculosque
691 3230 892 3314 adverteris,
916 3249 986 3297 non
1007 3229 1152 3320 poteris,
1180 3231 1264 3320 quin

148 3334 348 3403 sirnillimam
368 3334 460 3411 dicas
482 3342 518 3403 et
535 3336 637 3427 plane
661 3334 831 3427 geminam
859 3332 909 3417 ei,
945 3354 1052 3421 quarn
1075 3330 1120 3399 de
1140 3330 1262 3400 Macro

146 3435 318 3506 llistorico
330 3435 423 3506 idem
438 3434 579 3524 Cicero,
604 3446 777 3530 assumpta
791 3435 893 3506 Attici
904 3454 1067 3527 persono,
1092 3434 1168 3502 Lib.
1182 3434 1209 3505 l.
1226 3430 1261 3501 d·

146 3539 259 3632 Legg.
276 3540 300 3613 l.
317 3563 348 3613 c.
360 3539 454 3609 dedit
467 3563 508 3607 ac
523 3540 690 3632 depinxit,
701 3542 747 3609 ita
762 3549 800 3609 ut
813 3538 896 3607 mihi
909 3539 950 3606 sit
964 3537 1262 3630 persuasissimum,

148 3641 351 3712 Ciceronem
369 3653 515 3733 unoque
542 3644 621 3713 loco
652 3643 697 3712 de
719 3666 787 3715 nne
814 3642 1001 3731 eademque
1021 3661 1183 3731 persona,
1215 3637 1261 3706 de

148 3744 235 3839 Cajo
249 3745 379 3816 Licinio
391 3745 530 3836 Macro,
554 3745 725 3816 llistirrico
741 3756 776 3815 et
789 3743 954 3851 Cratero,
978 3743 1072 3834 loqui
1089 3742 1140 3832 8).

145 4012 346 4138 mgni
281 4014 454 4080 Coniecturae
472 4014 605 4071 muodo
628 4013 713 4069 Macri
693 4010 1015 4153 emmetra
1003 4008 1262 4132 bulsinemclnatur

80 4167 83 4173 =
144 4084 643 4225 ..assentiret
654 4080 1174 4218 'effeminem’
1175 4095 1262 4201 3⁶*

144 4167 1263 4351 ffifflffifflsswmmpmmffiwu
