2768 4838
373 285 429 337 ae
456 282 492 341 ’a
515 285 684 349 enarro
708 250 844 340 arara
865 286 1023 347 aaran.
1186 266 1263 373 133

138 443 227 506 teste
254 431 421 506 Cicerone
450 435 547 525 La,
574 460 678 528 qnam
698 440 743 509 ab
762 437 972 511 HoratioA.
995 439 1036 514 P.
1061 436 1147 511 146.
1172 450 1263 516 aaa

52 613 55 618 ,
136 539 250 632 tangi,
276 538 402 609 hand
392 539 497 608 manis
516 540 600 608 mihi
622 564 696 610 esse
716 543 849 612 videtur
862 540 1127 613 Scholiastamm
1151 548 1263 640 suspi-

91 734 95 741 .
138 643 210 725 cio;
237 639 366 712 Cinnae
380 643 487 711 nostri
504 642 654 735 Zmyrna
668 646 771 738 longe
784 646 945 715 brevioris
966 647 1106 737 qurdem
1117 649 1261 721 ambitus

136 768 292 829 carmen,
318 745 380 814 sed
394 745 495 814 valde
510 747 713 818 obscurum:
740 748 783 817 de
799 770 868 838 quo
884 749 958 842 ejus
980 750 1060 819 vitio
1075 749 1261 847 Philargy-

135 847 398 940 rinsadllirgil.
419 845 699 920 Ecttxass.
733 849 817 920 Fuit
838 859 959 920 natan
981 851 1265 927 abaciacum
1298 888 1312 921 ι

136 951 248 1038 aden,
282 959 321 1020 ar
345 958 380 1021 et
401 952 558 1020 nonnulli
583 949 661 1047 ejas
692 955 822 1023 aetatis
848 953 1129 1025 Grammatici
1114 980 1151 1025 an
1181 981 1262 1027 eum

135 1054 343 1147 scripserint
358 1076 603 1147 magnamque
617 1079 663 1124 ea·
682 1052 757 1148 ejas
770 1059 996 1136 enarratione
1010 1060 1170 1150 glirium
1191 1061 1262 1132 sirit

136 1157 322 1227 consecreti.
365 1155 473 1252 Quod
487 1156 799 1250 obscarussaerit‚
825 1161 934 1229 etiam
946 1160 1133 1231 Martialis
1146 1171 1262 1233 astera-

136 1260 218 1328 dit
205 1282 242 1329 an
255 1259 317 1329 illo
331 1281 437 1331 versu
452 1259 498 1335 K
520 1245 583 1330 21.
605 1260 737 1333 Judice
752 1270 810 1350 te,
831 1264 957 1334 melior
975 1262 1090 1372 Οἰιιιια
1105 1265 1261 1355 Marone

125 1362 216 1461 sa
640 1458 748 1562 Μ

162 1563 508 1638 Accommodate
528 1565 762 1664 Philargyrius
782 1566 950 1639 Martialis
967 1567 1191 1663 Epigramma
1212 1571 1260 1643 ad

136 1669 277 1742 Sextum
291 1672 462 1761 quendam
477 1672 647 1760 excitavit,
673 1671 769 1765 quod
787 1682 825 1742 ut
845 1672 1018 1768 integrum
1037 1676 1259 1745 transscriba-

136 1785 208 1865 tur,
234 1798 254 1843 e
269 1797 308 1842 re
320 1785 434 1843 nostra
446 1799 519 1844 esse
532 1775 681 1845 ridetru.

148 1876 381 1949 Scribere
401 1886 453 1960 te,
480 1901 574 1970 qaae
586 1880 648 1947 vic
669 1878 882 1971 intelligat
868 1899 945 1971 rpse
958 1875 1213 1964 Modestus,
1286 1920 1288 1924 ι

262 1980 365 2049 Et
328 2004 390 2049 aaa
407 1980 604 2050 Claranus:
629 1982 733 2072 qaid,
757 2002 870 2073 rago,
897 1980 1023 2065 Sexte,
1039 1977 1175 2072 javat?

137 2172 140 2177 ἣ
211 2081 295 2156 Nan
309 2084 439 2152 lectore
454 2085 523 2152 tais
538 2106 626 2176 opus
641 2092 710 2170 est,
735 2084 801 2153 sed
816 2084 984 2176 Apolline
999 2082 1118 2155 libris:
1225 2086 1228 2091 ’

265 2185 397 2256 Jadice
409 2195 461 2271 te,
486 2182 602 2278 major
620 2187 734 2257 Cinna
744 2185 901 2256 Marone
908 2185 996 2280 fait.

213 2287 277 2360 Sic
293 2297 358 2358 taa
372 2291 581 2361 landerrtnr:
605 2313 693 2359 sane
710 2313 794 2358 mea
809 2291 990 2373 carmina,
1017 2286 1139 2374 Sexte,
1207 2332 1222 2374 q

273 2392 531 2462 Grammaticis
538 2393 728 2485 placeant,
753 2399 788 2461 et
802 2391 1164 2462 sine'Gramnraticis.

133 2495 227 2565 Inest
246 2496 282 2563 in
302 2496 370 2563 hoc
390 2497 633 2588 epigrammate
651 2496 949 2589 locupletissimum
961 2495 1185 2563 testimonium
1211 2494 1256 2565 de
1330 2543 1334 2550 -

51 2618 54 2623 ’
137 2599 338 2667 obscuritate
357 2599 526 2689 Zmyrnae
542 2599 722 2669 Cinnanae.
771 2601 878 2686 Nam,
903 2599 984 2667 licet
1003 2620 1079 2666 eam
1098 2621 1168 2667 non
1190 2621 1256 2667 no·

136 2703 226 2770 mine
241 2703 408 2794 significet
423 2701 604 2791 Martialis,
630 2712 743 2771 tamen
754 2703 882 2795 primus
903 2710 939 2770 et
957 2711 1125 2770 extremus
1139 2698 1258 2772 versas

136 2810 198 2874 tros
211 2797 365 2873 dubiam
380 2828 449 2873 non
465 2805 590 2892 sinunt,
618 2806 662 2874 de
677 2808 734 2874 illo
755 2804 974 2898 cogitandam
992 2828 1065 2873 esse
1086 2816 1255 2897 poemate,

136 2909 171 2976 in
194 2909 313 2998 quibus
338 2908 822 3001 Grammaticorumoperam‚
858 2907 903 2976 ad
922 2908 1142 3000 intelligenda
1160 2910 1256 2978 Sexti
1335 2976 1338 2982 .

138 3013 284 3082 carmina
306 3011 548 3098 necessariam,
573 3034 641 3079 non
664 3011 735 3081 sins
758 3012 911 3080 acumine
932 3010 1107 3080 memorat
1165 3011 1257 3080 Huic

73 3138 77 3143 ’
137 3125 250 3183 autem
268 3115 391 3195 Sexto,
417 3115 625 3184 obscuritatis
650 3114 815 3201 studioso,
841 3108 947 3183 Cinna
968 3136 1038 3183 non
1053 3115 1166 3206 potuit
1188 3137 1257 3184 non

136 3218 247 3310 major
260 3217 368 3286 videri
380 3217 539 3309 Virgilio,
565 3220 714 3308 quitum
734 3218 768 3285 in
781 3219 882 3286 rebus
898 3227 970 3285 tum
986 3217 1030 3287 in
1044 3217 1154 3284 verbis
1178 3217 1257 3284 illu·
1294 3238 1298 3252 ⁷

44 3316 68 3347 ⁶
138 3330 240 3391 atrern
260 3322 459 3390 brevitatem
477 3321 678 3390 affectasset.
731 3321 838 3390 Cinna
858 3320 906 3387 uti
925 3321 995 3391 sine
1019 3318 1152 3387 dnbio
1142 3342 1177 3386 m
1195 3341 1257 3388 ex-

136 3423 297 3517 ponendo
321 3435 536 3517 argumento,
574 3423 768 3493 reconditae
791 3424 963 3492 doctrinae
987 3421 1125 3490 laudem
1146 3422 1256 3490 ambi-

131 3528 222 3597 tiose
238 3537 466 3615 consectatus,
492 3531 620 3615 omnia,
647 3505 817 3619 quidquid
829 3528 873 3595 ad
887 3525 1036 3595 fabulam
1050 3524 1095 3592 de
1110 3523 1259 3616 Myrrha

82 3655 88 3666 “·
138 3638 323 3722 spectaret,
354 3634 499 3699 carmine
517 3632 711 3723 complexus
724 3641 796 3700 erat
809 3653 889 3717 suo,
914 3631 965 3697 ita
975 3629 1074 3696 etiam
1094 3627 1257 3750 poliendo

138 3735 283 3802 sermoni
295 3744 421 3802 tantam
433 3735 646 3825 impenderat
668 3757 782 3803 curam
803 3757 844 3801 ac
864 3681 1026 3816 eludium,
1051 3739 1089 3798 ut
1109 3734 1257 3825 primum

137 3859 297 3930 magnam
324 3838 416 3930 apud
445 3838 693 3906 Grammaticos
724 3845 986 3926 consequeretur
1011 3837 1255 3920 annositatem.
1354 3854 1357 3859 ·

119 3939 216 4027 ΙΗοο
230 3941 416 4010 luculenter
433 3940 535 4010 docet
547 3942 649 4010 Gellii
664 3942 757 4008 locus
772 3941 816 4008 N.
831 3939 872 4006 A.
887 3938 982 4011 xlx.
996 3960 1027 4004 c.
1044 3936 1102 4031 13.
1128 3938 1258 4008 Audeo

137 4043 219 4130 tibi,
245 4044 367 4133 Feste,
395 4047 582 4137 quaerenti
595 4042 828 4135 respondere,
855 4063 930 4111 esse
946 4040 1013 4110 laec
1026 4040 1171 4110 valiam
1180 4041 1258 4110 La·
1332 4030 1335 4043 ’

136 4146 249 4215 tinam
269 4149 508 4242 scriptamque
530 4146 679 4217 inveniri
705 4146 742 4214 in
763 4144 941 4238 poematis
961 4143 1083 4214 Helvii
1109 4144 1257 4231 Cinnae,

113 4270 207 4345 *non
227 4249 395 4345 ignobilis
410 4273 523 4347 neque
544 4249 676 4345 indocti
693 4256 837 4345 poetae.
886 4246 1040 4334 Deinde,
1065 4247 1160 4338 qnod
1173 4269 1257 4338 per-
