2768 4838
138 250 219 331 m
389 269 503 331 unu.
528 268 698 329 ιιιιιιιο
722 268 838 319 auso
858 268 1013 331 ronse

138 424 202 516 ιιι,
234 417 374 546 duod
407 400 527 520 ηιιοιι,Ι
552 419 685 510 ἔχοντα
709 411 778 540 τιν
803 417 937 541 ιιριοιν·
972 416 1022 493 civ
1048 421 1129 494 ἐστι
1152 414 1263 509 ιιιιιὴ

137 479 459 646 Αιιολιοιιιιριιοο
474 530 612 646 αἵρεσις
634 519 694 595 cci
711 519 749 616 η’
786 516 1017 621 Θιοιιοιριιος.
1082 515 1265 597 Μάλιστα

139 631 180 706 ιιι
213 629 317 727 ἑξῆρι
349 618 431 701 τόν
451 618 756 749 ’Λπολλόιιοιροου
771 622 794 722 q‘
829 626 899 703 aori
918 624 1120 748 Kciqcooc
1155 624 1264 719 palia

136 758 205 807 τοο
192 729 437 858 Σιβιιοτοῦ,
462 721 678 803 διδάσκαλοι
703 728 777 801 scir
803 720 918 822 λόγοι
943 721 1156 820 γινόμενοι·
1181 753 1264 819 μα-

134 828 256 956 θητήν
282 829 318 907 (ι’
344 834 448 923 ἔσχεν
472 825 673 952 ἀξιόλογον,
688 825 911 920 Διονύσιοι,
937 824 1004 904 rob
1019 831 1264 957 ἐπικληθέντα

134 929 334 1026 Aversor,
365 931 518 1030 πολιτην
553 929 689 1007 αὐτοῦ·
729 931 791 1008 aci
823 926 998 1028 σοφιστῆς
1034 928 1079 1030 ἦν
1111 926 1261 1022 ἱιιοιιδς,

135 1037 199 1112 nul
222 1031 444 1135 uvyypcqadc
469 1035 529 1111 ιιοι
555 1029 792 1134 λογογράφος.
843 1036 923 1105 Ηοο
944 1035 1077 1119 dicendi
1096 1037 1262 1135 magistro

135 1165 214 1225 usus
230 1141 468 1235 estAugustus
482 1139 701 1233 Apolloniae,
727 1149 814 1210 teste
831 1139 993 1209 Suetonio
1015 1163 1045 1209 c.
1061 1137 1122 1213 89.
1173 1139 1261 1232 Ejus

134 1246 238 1323 libros
251 1243 473 1313 aridissimus
487 1242 639 1336 appellat
652 1245 752 1314 Auct.
764 1242 903 1313 Diald.
927 1266 1034 1312 causs.
1058 1265 1143 1311 corr.
1168 1243 1258 1335 eloq.
1314 1241 1322 1255 ⁸

10 1400 12 1407 .
135 1371 165 1416 c.
187 1345 246 1416 19.
305 1347 381 1415 Hos
407 1349 512 1439 igitur
531 1346 741 1438 Apollodori
765 1346 869 1415 libros
893 1346 1027 1415 Graece
1057 1346 1200 1437 scriptos
1224 1355 1260 1427 et

135 1450 270 1547 Τέχνης
285 1450 421 1520 nomine
442 1448 611 1520 editosC.
630 1449 770 1543 Valgius
791 1449 921 1536 Rufus,
947 1449 1033 1517 illius
1056 1447 1259 1540 discipulus,

133 1551 275 1625 Latinos
288 1553 432 1638 fecerat,
463 1552 603 1645 ejusque
621 1553 895 1644 interpretatione
909 1553 1065 1637 utebatur
1079 1551 1258 1636 Quintilia-

104 1726 112 1747 ,
133 1679 208 1728 nus.
257 1656 381 1745 Neque
402 1663 453 1724 est
475 1654 587 1746 quod,
620 1655 679 1723 ubi
698 1655 859 1748 Valgium
877 1654 1092 1750 ἐπιχείρημα
1112 1674 1259 1725 vocasse

133 1759 202 1830 ie.
220 1759 425 1829 convertisse
441 1758 489 1827 ait
508 1758 746 1846 Quintilianus,
772 1757 818 1827 de
836 1758 999 1851 peculiari
1021 1758 1123 1850 ipsius
1145 1757 1258 1851 Valgii

133 1884 241 1955 opere
267 1861 465 1955 cogitemus.
524 1860 596 1931 Sed
619 1871 731 1931 tamen
758 1862 829 1931 veri
853 1871 906 1931 est
925 1861 1142 1948 simillimum,
1175 1862 1257 1931 istos

47 1953 50 1958 ¹
132 1964 337 2056 Apollodori
349 1965 453 2049 libros
472 1987 495 2031 a
508 1963 632 2056 Valgio
650 1966 922 2057 interpretatione
942 1965 1063 2033 Latina
1077 1973 1111 2034 et
1132 1965 1256 2056 ampli-

131 2067 252 2137 ficatos
282 2077 333 2155 et,
366 2089 445 2135 eum
474 2067 647 2135 aridissimi
676 2078 804 2155 essent,
830 2068 1012 2162 copiosius
1043 2076 1077 2136 ct
1109 2067 1256 2136 ornatius
1342 2104 1345 2111 ·

133 2170 319 2262 explicatos
342 2193 434 2257 esse,
458 2170 505 2237 ita
524 2179 563 2238 ut
581 2171 773 2262 praeceptis
796 2171 945 2263 magistri
971 2170 1021 2237 sui
1042 2170 1163 2239 Latine
1182 2180 1256 2238 tra-

131 2270 252 2342 dendis
267 2272 534 2366 diligentissimus
559 2272 627 2343 dici
649 2283 684 2344 et
703 2283 876 2365 tamquam
898 2273 1071 2365 singularis
1095 2273 1256 2367 rhetorici

132 2378 244 2469 operis
258 2377 508 2446 auctorbaberi
521 2384 646 2468 posset.
698 2377 783 2467 lude
802 2378 902 2446 etiam
915 2378 1055 2469 planum
1071 2386 1138 2464 est,
1165 2398 1252 2465 quo-

129 2479 235 2549 modo
256 2480 456 2569 Dionysium
477 2480 649 2565 Atticum,
676 2480 734 2568 qui
750 2479 905 2572 ejusdem
923 2480 1127 2571 Apollodori
1152 2479 1255 2548 disci-

129 2584 222 2674 plina
240 2605 320 2651 usus
341 2582 467 2668 fuerat,
472 2616 475 2621 ·
494 2603 572 2649 cum
584 2580 707 2674 Valgio
723 2605 930 2675 componere
950 2584 1097 2675 potuerit
1118 2582 1254 2667 Quinti-

10 2761 17 2773 ,
128 2685 254 2773 banus,
290 2706 370 2753 cum
396 2685 453 2755 ille
478 2685 628 2777 magistri
650 2696 836 2778 praecepta
854 2686 929 2778 pari
957 2685 1128 2778 diligentia
1145 2686 1254 2753 tradi-

130 2787 245 2862 disset.
299 2786 367 2871 Qui
388 2788 476 2856 enim
491 2788 534 2854 ab
552 2788 719 2857 Strabone
739 2799 944 2858 memoretur
958 2787 1165 2880 Dionysius,
1192 2811 1254 2856 co-

129 2891 290 2984 gnomine
311 2889 469 2975 Αιιιοιιιι,
502 2890 660 2960 eumdem
679 2878 825 2985 simplici
848 2893 1050 2986 cognomine
1071 2891 1254 2984 significari

129 3017 152 3062 ιι
168 2993 392 3080 Quintiliano,
419 2993 564 3062 dubitari
578 2995 708 3084 nequit:
734 2996 801 3064 vid.
818 2996 985 3088 Spalding
1001 2995 1093 3062 adh.
1105 2997 1127 3065 l
1141 2989 1251 3063 Voll.

128 3120 165 3189 p.
186 3096 274 3171 432.
328 3096 542 3167 Caeterum
532 3121 559 3165 rs
580 3097 831 3190 Apollodorus,
861 3099 1014 3167 veneficii
1033 3120 1109 3167 reus
1131 3099 1253 3183 factus,

130 3200 209 3269 licet
240 3201 285 3268 ab
314 3202 431 3273 Asinio
450 3200 601 3268 Pollione
630 3199 883 3287 defenderetur,
924 3211 1038 3268 tamen
1076 3202 1252 3269 damnatus

39 3306 43 3313 “
129 3298 317 3372 Massiliam
332 3305 497 3371 concessit
511 3304 625 3392 ibique
641 3302 773 3389 docuit,
800 3314 937 3372 auctore
951 3305 1082 3373 Seneca
1096 3304 1190 3373 Libr.
1207 3303 1251 3372 ll.

130 3404 290 3475 Controv.
315 3404 375 3476 13.
397 3429 432 3497 p.
459 3404 542 3474 180.
565 3407 643 3498 Bip.
682 3406 737 3480 cf.
759 3407 1054 3481 Thorbeckiusd.
1083 3406 1122 3476 C.
1146 3406 1252 3478 Asinii

126 3508 288 3578 Pollionis
302 3509 370 3602 ιιιι.
384 3519 418 3577 et
432 3508 528 3577 Stud
542 3533 578 3600 p
596 3507 646 3577 tl
664 3532 713 3600 sq.

121 3660 125 3667 -
228 3611 287 3685 IV.
338 3612 467 3680 Gellius
488 3613 531 3680 N.
552 3612 595 3682 A.
617 3612 694 3681 Lib.
712 3612 787 3686 Xll.
812 3638 841 3686 c.
861 3611 895 3684 3.
947 3611 1114 3704 „Valgius
1137 3566 1251 3699 Rufus

123 3712 325 3785 insecundo
340 3715 520 3802 librorum,
546 3737 630 3807 quos
645 3716 812 3808 inscripsit
825 3717 868 3785 de
881 3717 982 3784 rebus
996 3738 1059 3858 per
1073 3694 1250 3806 epistolam

10 3846 15 3858 .
125 3817 301 3906 quaesitis,
329 3819 481 3887 lictorem
497 3842 517 3885 a
534 3818 673 3909 ligando
687 3822 896 3911 appellatum
912 3823 1019 3888 esse.“

144 3944 148 3949 ·
227 3920 269 3991 V.
316 3919 531 4007 ,charismi
554 3921 615 3992 Gr.
632 3922 659 3993 1.
679 3920 715 4014 ιι.
734 3921 818 3995 109.
832 3925 871 3992 Ρ.
923 3923 1065 4008 „Lucer
1087 3954 1138 3970 --
1163 3917 1249 3985 Ovi-

116 4021 218 4108 dius,
243 4021 369 4109 Mille,
395 4025 496 4093 lacer
510 4046 691 4118 spargere
714 4026 809 4097 locis.
856 4025 971 4111 ,Quod
993 4024 1039 4091 ita
1061 4021 1127 4099 dici
1153 4020 1250 4090 solet.

125 4124 249 4195 Caesar
270 4125 316 4195 de
336 4128 490 4220 analogia
505 4129 593 4195 libro
607 4128 774 4220 secundo,
798 4154 863 4201 nec
884 4152 952 4203 nou
974 4128 1113 4220 Valgius
1130 4124 1174 4194 de
1190 4146 1249 4194 re-

125 4230 187 4315 bus
204 4252 269 4324 per
285 4231 461 4326 epistolam
479 4232 646 4322 quaesitis.
654 4236 675 4275 ‘⁴
873 4331 880 4336 -
