2768 4838
132 284 219 359 'zib
319 306 368 357 oa
392 298 427 374 Q.
450 280 600 355 noman
622 304 751 356 macor
775 301 1120 378 osmuorarosmus.
1198 284 1212 293 ”

143 488 220 536 cum
234 462 308 550 alil,
333 471 405 531 tum
424 461 585 555 imprimis
606 459 762 530 Maeviru
780 470 816 530 et
835 461 960 530 Bavius
977 458 1097 552 reponi
1111 457 1264 545 ‹lebent3

144 579 323 656 utrumque
345 565 434 639 enim
452 575 556 657 poeta
573 562 777 633 Mantuanus
802 572 837 633 et
855 564 1041 632 Venusinus
1064 583 1263 631 communes

143 671 294 741 habuere
308 667 517 759 adversarios
533 675 569 737 et
579 667 687 737 laudis
710 689 791 736 suso
813 667 1073 752 obtrectatores,
1105 673 1144 734 ut
1162 660 1199 763 ὃ.
1224 663 1263 741 o.

145 772 350 844 docebimus.

643 917 682 1023 §.
722 921 756 993 2.

247 1076 338 1149 Cum
367 1075 469 1169 igitur
489 1077 753 1147 obtrectatorum
781 1071 1040 1162 cavillationibus
1061 1070 1265 1164 ineptiisque

141 1181 218 1273 ipse
239 1181 397 1272 Virgilius
429 1190 622 1269 vexaretur,
662 1177 885 1248 candidissimi
907 1185 1012 1269 poeta
1039 1175 1142 1244 animi
1169 1174 1263 1265 (rid.
1321 1262 1327 1271 f

145 1285 265 1354 Horat.
280 1284 349 1353 Sat
363 1282 390 1351 l.
404 1276 442 1352 5.
457 1305 489 1350 v.
505 1281 584 1374 40.)
618 1291 653 1351 et
671 1283 821 1350 omnium
843 1282 1012 1349 bonorum
1027 1287 1130 1369 atque
1144 1277 1263 1345 erudi-

145 1395 256 1454 torum
280 1387 405 1469 cultor,
439 1385 514 1474 qui,
549 1386 654 1453 omnis
676 1384 869 1453 invidiaesi
892 1383 1068 1473 quisalius
1093 1380 1264 1468 immunis,

143 1487 356 1557 hauddubie
378 1489 547 1556 neminem
566 1489 661 1579 prius
684 1489 824 1556 violarat
844 1487 1014 1575 dictisque.
1028 1484 1264 1553 lacessiverat

145 1592 229 1681 quid
243 1592 382 1680 mirum,
409 1591 436 1657 si
449 1590 610 1659 Horatius
655 1591 713 1679 qui
726 1590 913 1679 aequalium
932 1610 1068 1656 suorum
1082 1594 1123 1655 et
1143 1608 1265 1654 conu-

115 1682 117 1693 ’
144 1704 223 1786 ptos
242 1679 353 1761 mores
374 1704 408 1760 et
435 1715 597 1784 perversa
617 1640 802 1761 litterarum
822 1691 932 1761 studia
957 1692 1064 1759 bbere
1089 1697 1207 1758 notare
1228 1697 1266 1757 et

145 1798 266 1865 acriter
283 1794 448 1890 castigare
463 1795 677 1885 sustinuerat,
700 1795 734 1863 in
748 1794 929 1885 multorum
946 1794 1130 1861 incurreret
1141 1814 1266 1883 repre-

143 1898 338 1967 hensionem
352 1906 454 1987 atque
470 1897 575 1966 odia?
643 1896 844 1968 Accedebat
858 1897 1013 1966 acerbior
1025 1893 1265 1986 quaedamju-

145 2000 428 2068 dicandilibertas
444 2000 557 2068 nescio
573 1997 684 2068 dicam
700 2024 744 2068 an
760 1999 897 2089 lubido,
924 2022 992 2089 qua
1009 1997 1065 2076 ille
1084 2006 1266 2090 poetarum

118 2132 121 2139 >
143 2104 199 2172 vel
214 2102 366 2172 vivorum
377 2101 490 2169 adhuc
503 2102 559 2170 vel
574 2124 685 2192 nuper
698 2112 906 2170 mortuorum
919 2124 1026 2193 opera
1037 2105 1266 2193 percenseret,

145 2185 371 2275 errores‘cun'r
382 2202 533 2273 irrisione
548 2205 733 2296 exagitaret
753 2213 787 2273 et
807 2205 888 2296 ipsis
910 2225 1160 2296 nonnumquam
1178 2224 1267 2295 per-

59 2393 62 2395 ,
145 2311 234 2380 sonis
248 2308 439 2403 petulanter
449 2305 606 2378 illuderet
627 2307 692 2403 ὅ).
728 2307 817 2378 Hinc
830 2308 959 2379 factum
973 2316 1040 2397 est,
1064 2315 1104 2376 ut
1118 2306 1154 2376 in
1167 2327 1266 2375 sum-

213 2574 335 2642 ΘΗΜ
348 2571 482 2627 intellests
496 2572 560 2628 volo
577 2572 610 2628 ele
628 2574 717 2640 bitrio,
733 2573 841 2646 turgido
858 2574 907 2629 illo
923 2572 1034 2643 Alpino,
1057 2571 1114 2628 sas.
1131 2572 1154 2626 1.
1172 2571 1216 2627 lo.
1235 2587 1264 2626 v.

143 2642 199 2706 85„
214 2644 248 2697 11.
265 2642 291 2700 b.
308 2660 333 2696 s.
344 2640 398 2706 tt,
418 2658 496 2709 quem
513 2641 652 2697 viventem
663 2645 749 2698 adbuc
765 2650 941 2714 vegetamque
956 2661 1044 2695 senem
1057 2642 1207 2695 ludificatus
1224 2647 1266 2694 est

144 2712 285 2775 Horatius,
301 2715 331 2765 ut
345 2711 458 2780 probavi
473 2711 502 2765 in
522 2713 661 2767 Comucm.
687 2715 720 2768 ‹ie
744 2715 782 2769 Μ.
807 2715 886 2767 Furio
911 2714 1035 2765 Bibaculo
1059 2716 1084 2777 ς.
1101 2712 1128 2764 3.
1164 2713 1266 2765 Contra

145 2781 249 2851 Cassius
266 2782 390 2833 Etruscus
406 2780 465 2847 jam
482 2787 539 2833 tum
562 2781 619 2835 sits
642 2783 745 2837 iunctus
771 2789 841 2848 erat,
870 2800 930 2834 casm
955 2781 1082 2834 Horatius
1103 2780 1160 2833 Sat.
1180 2781 1199 2833 l.
1218 2781 1263 2834 lo.

99 2856 105 2864 “
143 2865 169 2904 v.
187 2850 231 2903 61.
247 2848 391 2903 scribebrtr
415 2850 547 2915 „Etrusci
565 2852 650 2918 Quale
660 2854 719 2918 suit
734 2853 808 2906 casu
824 2852 917 2918 rapido
928 2852 1077 2917 ferventius
1093 2849 1166 2901 omui
1183 2850 1266 2918 luge-

142 2919 231 2986 ss'ssss,
250 2918 335 2987 comis
349 2922 516 2988 quemfacta
534 2927 572 2975 est
589 2938 644 2975 esse
663 2922 785 2990 librisque
803 2923 955 2974 Ambustum
968 2920 1089 2987 propriis.
1097 2923 1116 2950 “
1131 2917 1265 2987 Ambigu-

122 3003 190 3042 Ιιιιιιι
207 2993 296 3042 subm
312 2992 365 3052 ess,
382 2993 471 3040 utrum
491 2988 600 3056 Pupius,
616 2995 693 3056 poeta
710 2991 843 3060 tragicus,
869 3007 948 3058 quem
966 2987 1004 3052 oie
1027 2985 1058 3044 ἐν
1074 2985 1191 3060 παρόδῳ
1202 3003 1265 3042 cur·

144 3055 185 3127 qs
200 3057 236 3113 st
251 3056 435 3114 limatum
447 3054 561 3110 scribens
577 3057 662 3126 Epist.
680 3058 742 3112 1.1.
759 3075 786 3112 v.
805 3056 851 3114 ob.

97 3168 105 3185 ,
151 3170 153 3174 .
234 3129 254 3193 j
308 3126 368 3180 lesse
384 3125 432 3178 tibi
446 3126 540 3178 metius
555 3127 664 3192 madet,
681 3129 740 3197 qui,
758 3145 813 3180 rcus
826 3127 932 3194 sumar,
948 3141 1014 3190 rens,

182 3252 190 3261 ,
309 3195 340 3248 Si
353 3195 452 3264 ρουίσ,
469 3201 555 3258 scete,
571 3197 596 3248 εἰ
612 3212 679 3260 sors,
696 3213 845 3264 quocuuquc
860 3196 936 3249 mss
951 3212 1017 3260 reru,

88 3262 97 3272 “
197 3280 201 3293 s
233 3332 235 3336 A
317 3264 352 3317 Ut
365 3265 472 3333 propius
487 3270 586 3332 spectes
601 3264 739 3321 lamissmu
754 3271 877 3334 memma
894 3262 978 3332 Pupia

143 3334 201 3386 tuot
214 3331 340 3400 temporis
356 3332 385 3386 io
401 3330 470 3385 vivis
488 3332 575 3385 adbuc
591 3332 685 3402 luerit,
701 3350 750 3386 uec
767 3333 819 3386 ne?
842 3337 968 3400 Apertum
985 3335 1040 3397 est,
1055 3328 1198 3384 Horatium
1216 3329 1264 3382 bic

144 3401 249 3470 eierare
271 3400 386 3454 voluisse
407 3402 535 3455 bonorem
550 3401 670 3466 ‚utendi
697 3401 726 3455 iu
749 3400 946 3469 quatuordecim
969 3399 1103 3454 ordinibus
1126 3400 1263 3466 (Sueten.

144 3468 237 3524 Ostur.
254 3488 279 3525 c.
296 3470 354 3538 14.)
370 3471 554 3538 spumantique
575 3470 666 3539 ludos,
689 3478 879 3536 competentem
904 3469 1003 3523 nemini
1024 3469 1076 3522 nisi
1102 3467 1207 3535 Equiti,
1232 3473 1264 3521 ut

143 3539 346 3609 quingentorum
362 3538 419 3594 HS.
435 3538 593 3606 possessoris
609 3539 672 3592 binc
687 3540 826 3608 speciatim
842 3539 907 3593 muli
924 3537 1179 3606 poetastragoediss
1186 3552 1264 3589 corn-

143 3610 359 3663 memorassem
376 3607 469 3672 Ennii,
485 3606 611 3674 Pacuvii,
629 3607 693 3662 nuit
708 3609 873 3676 aliorumque
887 3609 1070 3661 excellentium
1082 3606 1264 3677 Tragicorunr

144 3676 248 3730 tabulas
270 3679 374 3731 mineo
397 3677 493 3730 iterum
518 3675 666 3744 iterumque
689 3677 764 3730 «latas
787 3696 843 3731 esse
864 3677 1000 3741 novimum
1031 3682 1059 3730 at
1081 3675 1139 3743 quis
1160 3675 1263 3740 ermes,

44 3811 47 3815 Ι
144 3747 266 3798 eumdem
281 3747 410 3800 bonorem
426 3745 554 3800 tributum
575 3745 714 3799 asseritis
736 3755 846 3814 poetae,
873 3747 994 3814 quumvis
1015 3745 1130 3812 antiqui,
1153 3749 1260 3811 usgue
1319 3804 1322 3808 ,

145 3813 215 3867 eius
250 3815 385 3884 Spectatus
401 3822 489 3870 tamen
506 3833 562 3867 esse
577 3813 822 3883 Pupiitragoodias
839 3815 944 3868 Horatii
959 3821 1054 3879 aetate,
1073 3815 1095 3867 is
1104 3815 1167 3882 ipse,
1180 3829 1262 3879 quesn
1316 3811 1319 3817 '

145 3886 303 3949 uouemus,
320 3885 394 3937 locus
411 3885 516 3938 crebere
532 3901 579 3936 nos
592 3882 684 3948 jubet,
707 3884 822 3952 alioquin
841 3884 925 3937 omnis
947 3884 1005 3949 ejus
1026 3885 1067 3936 sis
1090 3881 1159 3951 perit
1180 3888 1264 3948 seque

146 3966 265 4005 acumen
299 3952 330 4007 Si
346 3970 410 4006 vero
427 3954 474 4006 ille
489 3952 619 4021 aliquam·¹
631 3952 744 4006 nominis
766 3954 912 4007 claritatem
935 3954 1029 4008 fuisset
1049 3953 1176 4020 adeptus,
1200 3966 1264 4017 per-

145 4019 243 4073 mirum
260 4027 313 4088 est,
331 4023 398 4090 quot
416 4024 494 4076 berno
509 4029 628 4074 veterum
643 4021 701 4087 ejus
717 4023 873 4078 mentionem
890 4023 990 4075 fecerit.
1027 4023 1191 4089 Quapropter
1207 4035 1263 4088 ego

142 4090 279 4158 suspicor,
296 4091 408 4160 Pupium
425 4091 507 4145 tuisse
521 4089 628 4146 Horatii
642 4093 795 4158 aequalem,
813 4094 858 4160 qui
875 4091 1019 4161 tragoediis
1034 4088 1178 4144 scribendis
1194 4095 1263 4154 o‘pe-

14 4159 22 4171 '
86 4213 101 4222 ,
144 4174 203 4212 rsm
217 4159 425 4224 osam-caesore
439 4161 522 4214 bomo
538 4161 665 4215 obscurus
678 4161 802 4229 nubeque
818 4179 879 4214 cum
895 4162 1008 4214 Horatio
1020 4159 1128 4225 junctus
1144 4157 1263 4211 familis-

144 4228 231 4282 ritate.
265 4230 330 4294 Eius
345 4229 496 4299 tragoetise
511 4246 571 4284 curn
585 4229 725 4282 mummi
747 4247 799 4283 noo
815 4231 872 4284 sine
886 4230 977 4298 populi
1000 4232 1110 4297 plausu,
1142 4227 1187 4281 sed
1200 4227 1263 4280 Ho-

67 4359 70 4366 ,
144 4297 214 4358 rstio
228 4295 408 4371 displicerent,
430 4315 476 4355 eas
490 4297 538 4355 bio
552 4296 630 4371 quusi
644 4297 718 4355 uliud
738 4314 820 4370 agens
839 4301 924 4355 multo
941 4315 1003 4354 cusu
1018 4298 1141 4359 seuniae
1156 4295 1265 4367 psoimt
