<?xml version="1.0" encoding="UTF-8"?>
<!DOCTYPE html PUBLIC "-//W3C//DTD XHTML 1.0 Transitional//EN"
    "http://www.w3.org/TR/xhtml1/DTD/xhtml1-transitional.dtd">
<html xmlns="http://www.w3.org/1999/xhtml" xml:lang="en" lang="en">
 <head>
  <title>
</title>
<meta http-equiv="Content-Type" content="text/html;charset=utf-8" />
  <meta name='ocr-system' content='tesseract 3.04.00' />
  <meta name='ocr-capabilities' content='ocr_page ocr_carea ocr_par ocr_line ocrx_word'/>
</head>
<body>
  <div class='ocr_page' id='page_1' title='image "./poetarumlatinor01weicgoog_0171.png"; bbox 0 0 2768 4838; ppageno 0'>
   <div class='ocr_carea' id='block_1_1' title="bbox 153 250 1030 347">
    <p class='ocr_par' dir='ltr' id='par_1_1' title="bbox 153 250 1030 347">
     <span class='ocr_line' id='line_1_1' title="bbox 153 250 1030 347; baseline -0.002 -5"><span class='ocrx_word' id='word_1_1' title='bbox 153 266 231 347; x_wconf 69' lang='lat' dir='ltr'>rba</span> <span class='ocrx_word' id='word_1_2' title='bbox 393 288 449 341; x_wconf 86' lang='lat' dir='ltr'>nn</span> <span class='ocrx_word' id='word_1_3' title='bbox 473 290 507 343; x_wconf 86' lang='lat' dir='ltr'>c.</span> <span class='ocrx_word' id='word_1_4' title='bbox 531 269 695 340; x_wconf 71' lang='lat' dir='ltr'>nancto</span> <span class='ocrx_word' id='word_1_5' title='bbox 721 286 851 341; x_wconf 79' lang='lat' dir='ltr'>crrra</span> <span class='ocrx_word' id='word_1_6' title='bbox 875 250 1030 341; x_wconf 76' lang='lat' dir='ltr'>nonna.</span> 
     </span>
    </p>
   </div>
   <div class='ocr_carea' id='block_1_2' title="bbox 145 435 1365 1566">
    <p class='ocr_par' dir='ltr' id='par_1_2' title="bbox 146 435 1273 740">
     <span class='ocr_line' id='line_1_2' title="bbox 151 435 1273 540; baseline -0.002 -21"><span class='ocrx_word' id='word_1_7' title='bbox 151 448 213 528; x_wconf 74' lang='lat' dir='ltr'>toa</span> <span class='ocrx_word' id='word_1_8' title='bbox 239 437 430 540; x_wconf 67' lang='grc' dir='ltr'><strong><em>Καίσαρος</em></strong></span> <span class='ocrx_word' id='word_1_9' title='bbox 453 435 604 536; x_wconf 70' lang='lat' dir='ltr'>ycyorcic</span> <span class='ocrx_word' id='word_1_10' title='bbox 628 469 661 516; x_wconf 78' lang='lat' dir='ltr'>s·</span> <span class='ocrx_word' id='word_1_11' title='bbox 683 468 718 515; x_wconf 79' lang='grc' dir='ltr'>τ.</span> <span class='ocrx_word' id='word_1_12' title='bbox 743 445 775 516; x_wconf 78' lang='lat' dir='ltr'>i.</span> <span class='ocrx_word' id='word_1_13' title='bbox 798 437 919 535; x_wconf 79' lang='lat' dir='ltr'>hisque</span> <span class='ocrx_word' id='word_1_14' title='bbox 937 439 1079 512; x_wconf 87' lang='lat' dir='ltr'>totidem</span> <span class='ocrx_word' id='word_1_15' title='bbox 1098 439 1172 512; x_wconf 80' lang='lat' dir='ltr'>iere</span> <span class='ocrx_word' id='word_1_16' title='bbox 1191 463 1273 517; x_wconf 73' lang='lat' dir='ltr'>ver·</span> 
     </span>
     <span class='ocr_line' id='line_1_3' title="bbox 150 543 1273 642; baseline -0.002 -24"><span class='ocrx_word' id='word_1_17' title='bbox 150 550 203 618; x_wconf 83' lang='lat' dir='ltr'>bis</span> <span class='ocrx_word' id='word_1_18' title='bbox 219 545 264 615; x_wconf 93' lang='lat' dir='ltr'>de</span> <span class='ocrx_word' id='word_1_19' title='bbox 279 545 407 615; x_wconf 78' lang='lat' dir='ltr'>visione</span> <span class='ocrx_word' id='word_1_20' title='bbox 420 555 454 614; x_wconf 89' lang='lat' dir='ltr'>et</span> <span class='ocrx_word' id='word_1_21' title='bbox 467 568 553 616; x_wconf 89' lang='lat' dir='ltr'>nece</span> <span class='ocrx_word' id='word_1_22' title='bbox 566 543 693 617; x_wconf 77' lang='lat' dir='ltr'>Cinnae</span> <span class='ocrx_word' id='word_1_23' title='bbox 707 544 842 642; x_wconf 80' lang='lat' dir='ltr'>subjicit</span> <span class='ocrx_word' id='word_1_24' title='bbox 857 570 917 637; x_wconf 87' lang='lat' dir='ltr'>ea,</span> <span class='ocrx_word' id='word_1_25' title='bbox 933 546 1072 639; x_wconf 90' lang='lat' dir='ltr'>quaein</span> <span class='ocrx_word' id='word_1_26' title='bbox 1089 546 1168 616; x_wconf 80' lang='lat' dir='ltr'>ltita</span> <span class='ocrx_word' id='word_1_27' title='bbox 1180 543 1273 617; x_wconf 84' lang='lat' dir='ltr'>Cae-</span> 
     </span>
     <span class='ocr_line' id='line_1_4' title="bbox 146 649 519 740; baseline -0.005 -18"><span class='ocrx_word' id='word_1_28' title='bbox 146 649 232 722; x_wconf 77' lang='lat' dir='ltr'>saris</span> <span class='ocrx_word' id='word_1_29' title='bbox 244 649 351 718; x_wconf 86' lang='lat' dir='ltr'>reluta</span> <span class='ocrx_word' id='word_1_30' title='bbox 364 649 519 740; x_wconf 78' lang='lat' dir='ltr'>legimus.</span> 
     </span>
    </p>

    <p class='ocr_par' dir='ltr' id='par_1_3' title="bbox 145 747 1365 1566">
     <span class='ocr_line' id='line_1_5' title="bbox 251 747 1273 843; baseline 0 -22"><span class='ocrx_word' id='word_1_31' title='bbox 251 753 404 821; x_wconf 84' lang='lat' dir='ltr'>Tametsi</span> <span class='ocrx_word' id='word_1_32' title='bbox 426 751 483 820; x_wconf 89' lang='lat' dir='ltr'>bic</span> <span class='ocrx_word' id='word_1_33' title='bbox 503 747 676 821; x_wconf 75' lang='lat' dir='ltr'>Plutarchi</span> <span class='ocrx_word' id='word_1_34' title='bbox 694 748 813 838; x_wconf 87' lang='lat' dir='ltr'>locus,</span> <span class='ocrx_word' id='word_1_35' title='bbox 836 757 963 842; x_wconf 67' lang='lat' dir='ltr'>utpote</span> <span class='ocrx_word' id='word_1_36' title='bbox 987 750 1110 821; x_wconf 85' lang='lat' dir='ltr'>diserte</span> <span class='ocrx_word' id='word_1_37' title='bbox 1136 750 1273 843; x_wconf 82' lang='lat' dir='ltr'>poetica</span> 
     </span>
     <span class='ocr_line' id='line_1_6' title="bbox 148 853 1271 940; baseline -0.002 -15"><span class='ocrx_word' id='word_1_38' title='bbox 148 855 235 925; x_wconf 90' lang='lat' dir='ltr'>illius</span> <span class='ocrx_word' id='word_1_39' title='bbox 250 853 377 925; x_wconf 88' lang='lat' dir='ltr'>Cinnae</span> <span class='ocrx_word' id='word_1_40' title='bbox 391 854 501 923; x_wconf 87' lang='lat' dir='ltr'>studia</span> <span class='ocrx_word' id='word_1_41' title='bbox 514 861 720 940; x_wconf 85' lang='lat' dir='ltr'>contestans,</span> <span class='ocrx_word' id='word_1_42' title='bbox 745 854 799 922; x_wconf 90' lang='lat' dir='ltr'>isti</span> <span class='ocrx_word' id='word_1_43' title='bbox 815 853 972 925; x_wconf 87' lang='lat' dir='ltr'>Virorum</span> <span class='ocrx_word' id='word_1_44' title='bbox 987 856 1176 924; x_wconf 84' lang='lat' dir='ltr'>Doctorum</span> <span class='ocrx_word' id='word_1_45' title='bbox 1191 878 1271 923; x_wconf 86' lang='lat' dir='ltr'>sen-</span> 
     </span>
     <span class='ocr_line' id='line_1_7' title="bbox 147 955 1272 1038; baseline -0.001 -10"><span class='ocrx_word' id='word_1_46' title='bbox 147 959 272 1028; x_wconf 84' lang='lat' dir='ltr'>tentiae</span> <span class='ocrx_word' id='word_1_47' title='bbox 286 958 408 1026; x_wconf 92' lang='lat' dir='ltr'>mirum</span> <span class='ocrx_word' id='word_1_48' title='bbox 419 959 455 1026; x_wconf 92' lang='lat' dir='ltr'>in</span> <span class='ocrx_word' id='word_1_49' title='bbox 467 956 608 1027; x_wconf 88' lang='lat' dir='ltr'>modum</span> <span class='ocrx_word' id='word_1_50' title='bbox 621 956 738 1025; x_wconf 81' lang='lat' dir='ltr'>lavere</span> <span class='ocrx_word' id='word_1_51' title='bbox 752 955 901 1038; x_wconf 63' lang='lat' dir='ltr'>videtum</span> <span class='ocrx_word' id='word_1_52' title='bbox 924 967 1039 1027; x_wconf 81' lang='lat' dir='ltr'>tumen</span> <span class='ocrx_word' id='word_1_53' title='bbox 1057 980 1127 1026; x_wconf 93' lang='lat' dir='ltr'>non</span> <span class='ocrx_word' id='word_1_54' title='bbox 1149 956 1272 1027; x_wconf 82' lang='lat' dir='ltr'>delue—</span> 
     </span>
     <span class='ocr_line' id='line_1_8' title="bbox 146 1048 1270 1153; baseline -0.003 -21"><span class='ocrx_word' id='word_1_55' title='bbox 146 1070 244 1150; x_wconf 85' lang='lat' dir='ltr'>rnnt,</span> <span class='ocrx_word' id='word_1_56' title='bbox 256 1048 327 1151; x_wconf 67' lang='lat' dir='ltr'>¹qui</span> <span class='ocrx_word' id='word_1_57' title='bbox 344 1084 516 1130; x_wconf 79' lang='lat' dir='ltr'>assensum</span> <span class='ocrx_word' id='word_1_58' title='bbox 528 1082 626 1129; x_wconf 91' lang='lat' dir='ltr'>suum</span> <span class='ocrx_word' id='word_1_59' title='bbox 641 1058 848 1129; x_wconf 78' lang='lat' dir='ltr'>cohiberent</span> <span class='ocrx_word' id='word_1_60' title='bbox 859 1058 1015 1153; x_wconf 90' lang='lat' dir='ltr'>adeoque</span> <span class='ocrx_word' id='word_1_61' title='bbox 1029 1059 1202 1129; x_wconf 71' lang='lat' dir='ltr'>Plutarchi</span> <span class='ocrx_word' id='word_1_62' title='bbox 1214 1061 1270 1129; x_wconf 91' lang='lat' dir='ltr'>lo·</span> 
     </span>
     <span class='ocr_line' id='line_1_9' title="bbox 147 1162 1328 1257; baseline -0.002 -23"><span class='ocrx_word' id='word_1_63' title='bbox 147 1162 226 1234; x_wconf 86' lang='lat' dir='ltr'>cum</span> <span class='ocrx_word' id='word_1_64' title='bbox 248 1162 292 1232; x_wconf 92' lang='lat' dir='ltr'>de</span> <span class='ocrx_word' id='word_1_65' title='bbox 316 1165 533 1257; x_wconf 84' lang='lat' dir='ltr'>corruptione</span> <span class='ocrx_word' id='word_1_66' title='bbox 555 1171 748 1255; x_wconf 86' lang='lat' dir='ltr'>suspectum</span> <span class='ocrx_word' id='word_1_67' title='bbox 766 1162 941 1232; x_wconf 83' lang='lat' dir='ltr'>haberent.</span> <span class='ocrx_word' id='word_1_68' title='bbox 993 1164 1052 1241; x_wconf 73' lang='lat' dir='ltr'>‚ltu</span> <span class='ocrx_word' id='word_1_69' title='bbox 1072 1164 1279 1233; x_wconf 86' lang='lat' dir='ltr'>Torrentius&#39;</span> <span class='ocrx_word' id='word_1_70' title='bbox 1326 1239 1328 1243; x_wconf 52' lang='grc'>,</span> 
     </span>
     <span class='ocr_line' id='line_1_10' title="bbox 145 1258 1268 1360; baseline -0.003 -23"><span class='ocrx_word' id='word_1_71' title='bbox 145 1269 182 1337; x_wconf 93' lang='lat' dir='ltr'>in</span> <span class='ocrx_word' id='word_1_72' title='bbox 195 1266 385 1337; x_wconf 76' lang='lat' dir='ltr'>comment</span> <span class='ocrx_word' id='word_1_73' title='bbox 402 1267 448 1334; x_wconf 89' lang='lat' dir='ltr'>ad</span> <span class='ocrx_word' id='word_1_74' title='bbox 462 1267 614 1346; x_wconf 88' lang='lat' dir='ltr'>Suetonii</span> <span class='ocrx_word' id='word_1_75' title='bbox 629 1258 792 1335; x_wconf 75' lang='lat' dir='ltr'>Caesares</span> <span class='ocrx_word' id='word_1_76' title='bbox 804 1289 840 1359; x_wconf 89' lang='lat' dir='ltr'>p.</span> <span class='ocrx_word' id='word_1_77' title='bbox 854 1263 916 1334; x_wconf 71' lang='lat'>86.</span> <span class='ocrx_word' id='word_1_78' title='bbox 933 1266 1123 1360; x_wconf 86' lang='lat' dir='ltr'>(Antwerp.</span> <span class='ocrx_word' id='word_1_79' title='bbox 1140 1264 1268 1358; x_wconf 71' lang='lat'>1578.)</span> 
     </span>
     <span class='ocr_line' id='line_1_11' title="bbox 146 1365 1365 1462; baseline -0.003 -22"><span class='ocrx_word' id='word_1_80' title='bbox 146 1370 194 1440; x_wconf 77' lang='lat' dir='ltr'>ad</span> <span class='ocrx_word' id='word_1_81' title='bbox 210 1369 276 1444; x_wconf 84' lang='lat' dir='ltr'>vit.</span> <span class='ocrx_word' id='word_1_82' title='bbox 291 1370 363 1440; x_wconf 79' lang='lat' dir='ltr'>Jut</span> <span class='ocrx_word' id='word_1_83' title='bbox 379 1369 476 1440; x_wconf 87' lang='lat' dir='ltr'>Caes.</span> <span class='ocrx_word' id='word_1_84' title='bbox 492 1394 521 1438; x_wconf 92' lang='lat' dir='ltr'>c.</span> <span class='ocrx_word' id='word_1_85' title='bbox 537 1365 599 1439; x_wconf 80' lang='lat'>85.</span> <span class='ocrx_word' id='word_1_86' title='bbox 611 1370 782 1437; x_wconf 87' lang='lat' dir='ltr'>tribunum</span> <span class='ocrx_word' id='word_1_87' title='bbox 803 1370 913 1462; x_wconf 87' lang='lat' dir='ltr'>plebis</span> <span class='ocrx_word' id='word_1_88' title='bbox 931 1369 1104 1462; x_wconf 77' lang='lat' dir='ltr'>distinguit</span> <span class='ocrx_word' id='word_1_89' title='bbox 1125 1391 1145 1436; x_wconf 93' lang='lat' dir='ltr'>a</span> <span class='ocrx_word' id='word_1_90' title='bbox 1164 1377 1269 1460; x_wconf 86' lang='lat' dir='ltr'>pocta</span> <span class='ocrx_word' id='word_1_91' title='bbox 1357 1378 1365 1387; x_wconf 85' lang='lat'>&#39;</span> 
     </span>
     <span class='ocr_line' id='line_1_12' title="bbox 147 1470 1268 1566; baseline -0.003 -23"><span class='ocrx_word' id='word_1_92' title='bbox 147 1472 341 1566; x_wconf 78' lang='lat' dir='ltr'>cognomini</span> <span class='ocrx_word' id='word_1_93' title='bbox 364 1481 398 1542; x_wconf 90' lang='lat' dir='ltr'>et</span> <span class='ocrx_word' id='word_1_94' title='bbox 418 1473 569 1541; x_wconf 88' lang='lat' dir='ltr'>Victorio</span> <span class='ocrx_word' id='word_1_95' title='bbox 593 1472 806 1556; x_wconf 81' lang='lat' dir='ltr'>contradicit3</span> <span class='ocrx_word' id='word_1_96' title='bbox 838 1471 1014 1562; x_wconf 79' lang='lat' dir='ltr'>Xylandcr</span> <span class='ocrx_word' id='word_1_97' title='bbox 1036 1496 1058 1539; x_wconf 93' lang='lat' dir='ltr'>a</span> <span class='ocrx_word' id='word_1_98' title='bbox 1082 1470 1268 1541; x_wconf 80' lang='lat' dir='ltr'>Plutarcho</span> 
     </span>
    </p>
   </div>
   <div class='ocr_carea' id='block_1_3' title="bbox 32 1566 1268 1675">
    <p class='ocr_par' dir='ltr' id='par_1_4' title="bbox 32 1566 1268 1675">
     <span class='ocr_line' id='line_1_13' title="bbox 32 1566 1268 1675; baseline -0.004 -28"><span class='ocrx_word' id='word_1_99' title='bbox 32 1566 39 1594; x_wconf 70' lang='grc'><em>“</em></span> <span class='ocrx_word' id='word_1_100' title='bbox 146 1576 213 1648; x_wconf 74' lang='lat' dir='ltr'>lc.</span> <span class='ocrx_word' id='word_1_101' title='bbox 226 1567 412 1675; x_wconf 75' lang='lat' dir='ltr'>nolcrerdc</span> <span class='ocrx_word' id='word_1_102' title='bbox 426 1568 517 1672; x_wconf 69' lang='grc' dir='ltr'>ἁνήρ</span> <span class='ocrx_word' id='word_1_103' title='bbox 531 1598 597 1668; x_wconf 88' lang='lat' dir='ltr'>pro</span> <span class='ocrx_word' id='word_1_104' title='bbox 612 1568 799 1673; x_wconf 76' lang='grc' dir='ltr'><strong><em>ποιητικός</em></strong></span> <span class='ocrx_word' id='word_1_105' title='bbox 820 1576 983 1668; x_wconf 87' lang='lat' dir='ltr'>scriptum</span> <span class='ocrx_word' id='word_1_106' title='bbox 998 1576 1100 1643; x_wconf 82' lang='lat' dir='ltr'>fuisse</span> <span class='ocrx_word' id='word_1_107' title='bbox 1111 1574 1268 1668; x_wconf 79' lang='lat' dir='ltr'>&#39;suspica-</span> 
     </span>
    </p>
   </div>
   <div class='ocr_carea' id='block_1_4' title="bbox 142 1675 1268 1978">
    <p class='ocr_par' dir='ltr' id='par_1_5' title="bbox 142 1675 1268 1978">
     <span class='ocr_line' id='line_1_14' title="bbox 146 1675 1268 1775; baseline -0.004 -26"><span class='ocrx_word' id='word_1_108' title='bbox 146 1688 219 1766; x_wconf 79' lang='lat' dir='ltr'>nn,</span> <span class='ocrx_word' id='word_1_109' title='bbox 246 1699 315 1768; x_wconf 90' lang='lat' dir='ltr'>quo</span> <span class='ocrx_word' id='word_1_110' title='bbox 337 1675 359 1749; x_wconf 81' lang='grc' dir='ltr'>ὁ</span> <span class='ocrx_word' id='word_1_111' title='bbox 380 1679 589 1775; x_wconf 74' lang='grc' dir='ltr'><strong><em>δημαρχῶν,</em></strong></span> <span class='ocrx_word' id='word_1_112' title='bbox 616 1675 931 1772; x_wconf 78' lang='lat' dir='ltr'>tribunusplebis,</span> <span class='ocrx_word' id='word_1_113' title='bbox 956 1679 1179 1771; x_wconf 82' lang='lat' dir='ltr'>significetur,</span> <span class='ocrx_word' id='word_1_114' title='bbox 1204 1700 1268 1745; x_wconf 90' lang='lat' dir='ltr'>ne-</span> 
     </span>
     <span class='ocr_line' id='line_1_15' title="bbox 142 1778 1268 1873; baseline -0.003 -23"><span class='ocrx_word' id='word_1_115' title='bbox 142 1804 216 1873; x_wconf 86' lang='lat' dir='ltr'>que</span> <span class='ocrx_word' id='word_1_116' title='bbox 228 1778 386 1857; x_wconf 79' lang='lat' dir='ltr'>Reishius</span> <span class='ocrx_word' id='word_1_117' title='bbox 397 1781 460 1850; x_wconf 87' lang='lat' dir='ltr'>uisi</span> <span class='ocrx_word' id='word_1_118' title='bbox 475 1782 539 1849; x_wconf 90' lang='lat' dir='ltr'>alia</span> <span class='ocrx_word' id='word_1_119' title='bbox 560 1779 723 1849; x_wconf 90' lang='lat' dir='ltr'>accedant</span> <span class='ocrx_word' id='word_1_120' title='bbox 738 1791 956 1872; x_wconf 84' lang='lat' dir='ltr'>argumenta,</span> <span class='ocrx_word' id='word_1_121' title='bbox 983 1782 1028 1850; x_wconf 94' lang='lat' dir='ltr'>de</span> <span class='ocrx_word' id='word_1_122' title='bbox 1040 1780 1164 1867; x_wconf 80' lang='lat' dir='ltr'>Cinna,</span> <span class='ocrx_word' id='word_1_123' title='bbox 1189 1780 1268 1848; x_wconf 90' lang='lat' dir='ltr'>lau-</span> 
     </span>
     <span class='ocr_line' id='line_1_16' title="bbox 147 1883 1267 1978; baseline -0.004 -25"><span class='ocrx_word' id='word_1_124' title='bbox 147 1884 229 1953; x_wconf 87' lang='lat' dir='ltr'>dato</span> <span class='ocrx_word' id='word_1_125' title='bbox 242 1884 409 1974; x_wconf 77' lang='lat' dir='ltr'>Smyrnae</span> <span class='ocrx_word' id='word_1_126' title='bbox 425 1895 578 1970; x_wconf 88' lang='lat' dir='ltr'>auctore,</span> <span class='ocrx_word' id='word_1_127' title='bbox 605 1884 745 1977; x_wconf 84' lang='lat' dir='ltr'>cogitari</span> <span class='ocrx_word' id='word_1_128' title='bbox 761 1906 864 1976; x_wconf 87' lang='lat' dir='ltr'>posse</span> <span class='ocrx_word' id='word_1_129' title='bbox 876 1892 983 1978; x_wconf 76' lang='lat' dir='ltr'>putat</span> <span class='ocrx_word' id='word_1_130' title='bbox 1031 1883 1125 1970; x_wconf 89' lang='lat' dir='ltr'>Hos,</span> <span class='ocrx_word' id='word_1_131' title='bbox 1157 1905 1267 1974; x_wconf 87' lang='lat' dir='ltr'>qnan-</span> 
     </span>
    </p>
   </div>
   <div class='ocr_carea' id='block_1_5' title="bbox 145 1984 1371 2080">
    <p class='ocr_par' dir='ltr' id='par_1_6' title="bbox 145 1984 1371 2080">
     <span class='ocr_line' id='line_1_17' title="bbox 145 1984 1371 2080; baseline -0.005 -23"><span class='ocrx_word' id='word_1_132' title='bbox 145 1996 220 2057; x_wconf 88' lang='lat' dir='ltr'>tum</span> <span class='ocrx_word' id='word_1_133' title='bbox 241 1986 363 2073; x_wconf 78' lang='lat' dir='ltr'>sciam,</span> <span class='ocrx_word' id='word_1_134' title='bbox 396 1987 502 2079; x_wconf 82' lang='lat' dir='ltr'>longo</span> <span class='ocrx_word' id='word_1_135' title='bbox 525 1988 687 2080; x_wconf 87' lang='lat' dir='ltr'>temporis</span> <span class='ocrx_word' id='word_1_136' title='bbox 714 1987 889 2056; x_wconf 82' lang='lat' dir='ltr'>intervallo</span> <span class='ocrx_word' id='word_1_137' title='bbox 911 1994 1044 2056; x_wconf 86' lang='lat' dir='ltr'>secutus</span> <span class='ocrx_word' id='word_1_138' title='bbox 1069 1994 1120 2054; x_wconf 88' lang='lat' dir='ltr'>est</span> <span class='ocrx_word' id='word_1_139' title='bbox 1146 1984 1196 2055; x_wconf 86' lang='lat' dir='ltr'>lo.</span> <span class='ocrx_word' id='word_1_140' title='bbox 1219 1984 1266 2056; x_wconf 91' lang='lat' dir='ltr'>H.</span> <span class='ocrx_word' id='word_1_141' title='bbox 1369 2047 1371 2051; x_wconf 81' lang='grc'>,</span> 
     </span>
    </p>
   </div>
   <div class='ocr_carea' id='block_1_6' title="bbox 71 2087 1273 4348">
    <p class='ocr_par' dir='ltr' id='par_1_7' title="bbox 71 2087 1273 4348">
     <span class='ocr_line' id='line_1_18' title="bbox 145 2087 1267 2182; baseline -0.005 -21"><span class='ocrx_word' id='word_1_142' title='bbox 145 2089 284 2161; x_wconf 83' lang='lat' dir='ltr'>Vossius</span> <span class='ocrx_word' id='word_1_143' title='bbox 300 2088 345 2156; x_wconf 87' lang='lat' dir='ltr'>ad</span> <span class='ocrx_word' id='word_1_144' title='bbox 360 2090 477 2181; x_wconf 79' lang='lat' dir='ltr'>virgil.</span> <span class='ocrx_word' id='word_1_145' title='bbox 492 2090 568 2161; x_wconf 89' lang='lat' dir='ltr'>Ecl.</span> <span class='ocrx_word' id='word_1_146' title='bbox 583 2089 643 2158; x_wconf 87' lang='lat' dir='ltr'>lx.</span> <span class='ocrx_word' id='word_1_147' title='bbox 656 2112 692 2182; x_wconf 88' lang='lat' dir='ltr'>p.</span> <span class='ocrx_word' id='word_1_148' title='bbox 711 2088 810 2177; x_wconf 66' lang='lat' dir='ltr'>ota,</span> <span class='ocrx_word' id='word_1_149' title='bbox 827 2092 896 2180; x_wconf 87' lang='lat' dir='ltr'>qui,</span> <span class='ocrx_word' id='word_1_150' title='bbox 921 2090 1062 2159; x_wconf 90' lang='lat' dir='ltr'>nominis</span> <span class='ocrx_word' id='word_1_151' title='bbox 1078 2087 1267 2158; x_wconf 87' lang='lat' dir='ltr'>similitudi-</span> 
     </span>
     <span class='ocr_line' id='line_1_19' title="bbox 145 2191 1273 2284; baseline -0.004 -21"><span class='ocrx_word' id='word_1_152' title='bbox 145 2216 225 2263; x_wconf 88' lang='lat' dir='ltr'>nem</span> <span class='ocrx_word' id='word_1_153' title='bbox 237 2192 320 2262; x_wconf 91' lang='lat' dir='ltr'>nihil</span> <span class='ocrx_word' id='word_1_154' title='bbox 334 2192 494 2284; x_wconf 85' lang='lat' dir='ltr'>ponderis</span> <span class='ocrx_word' id='word_1_155' title='bbox 507 2192 573 2260; x_wconf 88' lang='lat' dir='ltr'>hac</span> <span class='ocrx_word' id='word_1_156' title='bbox 587 2193 755 2275; x_wconf 84' lang='lat' dir='ltr'>incaussa</span> <span class='ocrx_word' id='word_1_157' title='bbox 766 2192 896 2261; x_wconf 90' lang='lat' dir='ltr'>habere</span> <span class='ocrx_word' id='word_1_158' title='bbox 908 2206 1066 2278; x_wconf 88' lang='lat' dir='ltr'>monens,</span> <span class='ocrx_word' id='word_1_159' title='bbox 1092 2191 1160 2261; x_wconf 91' lang='lat' dir='ltr'>hoc</span> <span class='ocrx_word' id='word_1_160' title='bbox 1181 2213 1273 2284; x_wconf 64' lang='lat' dir='ltr'>prae,</span> 
     </span>
     <span class='ocr_line' id='line_1_20' title="bbox 146 2294 1266 2391; baseline -0.003 -27"><span class='ocrx_word' id='word_1_161' title='bbox 146 2295 285 2365; x_wconf 86' lang='lat' dir='ltr'>caeteris</span> <span class='ocrx_word' id='word_1_162' title='bbox 302 2305 420 2390; x_wconf 83' lang='lat' dir='ltr'>urget,</span> <span class='ocrx_word' id='word_1_163' title='bbox 444 2295 542 2391; x_wconf 85' lang='lat' dir='ltr'>¹quod</span> <span class='ocrx_word' id='word_1_164' title='bbox 558 2296 755 2388; x_wconf 79' lang='lat' dir='ltr'>scriptores,</span> <span class='ocrx_word' id='word_1_165' title='bbox 781 2297 838 2386; x_wconf 93' lang='lat' dir='ltr'>qui</span> <span class='ocrx_word' id='word_1_166' title='bbox 854 2297 977 2366; x_wconf 87' lang='lat' dir='ltr'>tribuni</span> <span class='ocrx_word' id='word_1_167' title='bbox 995 2295 1106 2387; x_wconf 85' lang='lat' dir='ltr'>plebis</span> <span class='ocrx_word' id='word_1_168' title='bbox 1120 2294 1266 2364; x_wconf 87' lang='lat' dir='ltr'>mentio-</span> 
     </span>
     <span class='ocr_line' id='line_1_21' title="bbox 144 2394 1266 2493; baseline -0.005 -24"><span class='ocrx_word' id='word_1_169' title='bbox 144 2422 224 2469; x_wconf 92' lang='lat' dir='ltr'>nem</span> <span class='ocrx_word' id='word_1_170' title='bbox 245 2399 393 2485; x_wconf 81' lang='lat' dir='ltr'>faciunt,</span> <span class='ocrx_word' id='word_1_171' title='bbox 418 2399 500 2466; x_wconf 92' lang='lat' dir='ltr'>nihil</span> <span class='ocrx_word' id='word_1_172' title='bbox 521 2399 553 2468; x_wconf 94' lang='lat' dir='ltr'>ei</span> <span class='ocrx_word' id='word_1_173' title='bbox 570 2394 678 2467; x_wconf 77' lang='lat' dir='ltr'>laudis</span> <span class='ocrx_word' id='word_1_174' title='bbox 703 2400 873 2493; x_wconf 88' lang='lat' dir='ltr'>apoetica</span> <span class='ocrx_word' id='word_1_175' title='bbox 887 2399 1046 2467; x_wconf 77' lang='lat' dir='ltr'>facultate</span> <span class='ocrx_word' id='word_1_176' title='bbox 1066 2397 1266 2489; x_wconf 76' lang='lat' dir='ltr'>desumptae</span> 
     </span>
     <span class='ocr_line' id='line_1_22' title="bbox 145 2501 1266 2596; baseline -0.004 -24"><span class='ocrx_word' id='word_1_177' title='bbox 145 2503 327 2572; x_wconf 89' lang='lat' dir='ltr'>attribuant</span> <span class='ocrx_word' id='word_1_178' title='bbox 339 2522 451 2590; x_wconf 87' lang='lat' dir='ltr'>neque</span> <span class='ocrx_word' id='word_1_179' title='bbox 467 2501 687 2569; x_wconf 87' lang='lat' dir='ltr'>Grammatici</span> <span class='ocrx_word' id='word_1_180' title='bbox 701 2501 746 2570; x_wconf 92' lang='lat' dir='ltr'>de</span> <span class='ocrx_word' id='word_1_181' title='bbox 761 2503 819 2570; x_wconf 87' lang='lat' dir='ltr'>tali</span> <span class='ocrx_word' id='word_1_182' title='bbox 835 2511 945 2571; x_wconf 88' lang='lat' dir='ltr'>morte</span> <span class='ocrx_word' id='word_1_183' title='bbox 962 2511 1104 2596; x_wconf 85' lang='lat' dir='ltr'>poetae,</span> <span class='ocrx_word' id='word_1_184' title='bbox 1131 2501 1266 2591; x_wconf 86' lang='lat' dir='ltr'>qualern</span> 
     </span>
     <span class='ocr_line' id='line_1_23' title="bbox 71 2603 1266 2699; baseline -0.004 -24"><span class='ocrx_word' id='word_1_185' title='bbox 71 2644 77 2653; x_wconf 37' lang='lat' dir='ltr'>u</span> <span class='ocrx_word' id='word_1_186' title='bbox 143 2627 264 2699; x_wconf 87' lang='lat' dir='ltr'>passus</span> <span class='ocrx_word' id='word_1_187' title='bbox 280 2613 331 2673; x_wconf 82' lang='lat' dir='ltr'>est</span> <span class='ocrx_word' id='word_1_188' title='bbox 344 2603 637 2697; x_wconf 84' lang='lat' dir='ltr'>tribunusplebis,</span> <span class='ocrx_word' id='word_1_189' title='bbox 662 2605 847 2696; x_wconf 84' lang='lat' dir='ltr'>quidquam</span> <span class='ocrx_word' id='word_1_190' title='bbox 862 2603 1006 2673; x_wconf 68' lang='lat' dir='ltr'>madunt.</span> <span class='ocrx_word' id='word_1_191' title='bbox 1039 2603 1144 2689; x_wconf 81' lang='lat' dir='ltr'>Quod</span> <span class='ocrx_word' id='word_1_192' title='bbox 1160 2625 1266 2692; x_wconf 91' lang='lat' dir='ltr'>quum</span> 
     </span>
     <span class='ocr_line' id='line_1_24' title="bbox 144 2705 1265 2794; baseline -0.004 -17"><span class='ocrx_word' id='word_1_193' title='bbox 144 2709 308 2778; x_wconf 81' lang='lat' dir='ltr'>scriberet</span> <span class='ocrx_word' id='word_1_194' title='bbox 322 2706 478 2794; x_wconf 88' lang='lat' dir='ltr'>Vossius,</span> <span class='ocrx_word' id='word_1_195' title='bbox 503 2730 572 2776; x_wconf 94' lang='lat' dir='ltr'>non</span> <span class='ocrx_word' id='word_1_196' title='bbox 593 2705 726 2777; x_wconf 85' lang='lat' dir='ltr'>videtur</span> <span class='ocrx_word' id='word_1_197' title='bbox 748 2710 780 2776; x_wconf 92' lang='lat' dir='ltr'>ei</span> <span class='ocrx_word' id='word_1_198' title='bbox 799 2709 1002 2777; x_wconf 87' lang='lat' dir='ltr'>succurrisse</span> <span class='ocrx_word' id='word_1_199' title='bbox 1017 2705 1189 2776; x_wconf 85' lang='lat' dir='ltr'>Plutarchi</span> <span class='ocrx_word' id='word_1_200' title='bbox 1209 2706 1265 2773; x_wconf 92' lang='lat' dir='ltr'>lo-</span> 
     </span>
     <span class='ocr_line' id='line_1_25' title="bbox 145 2803 1266 2915; baseline -0.005 -35"><span class='ocrx_word' id='word_1_201' title='bbox 145 2834 205 2880; x_wconf 90' lang='lat' dir='ltr'>cus</span> <span class='ocrx_word' id='word_1_202' title='bbox 235 2810 340 2880; x_wconf 90' lang='lat' dir='ltr'>modo</span> <span class='ocrx_word' id='word_1_203' title='bbox 375 2809 512 2898; x_wconf 85' lang='lat' dir='ltr'>allatus,</span> <span class='ocrx_word' id='word_1_204' title='bbox 552 2810 588 2879; x_wconf 93' lang='lat' dir='ltr'>in</span> <span class='ocrx_word' id='word_1_205' title='bbox 616 2832 685 2904; x_wconf 92' lang='lat' dir='ltr'>quo</span> <span class='ocrx_word' id='word_1_206' title='bbox 721 2805 922 2910; x_wconf 68' lang='lat' dir='ltr'>norqccnc&#39;c&#39;</span> <span class='ocrx_word' id='word_1_207' title='bbox 940 2803 1034 2915; x_wconf 71' lang='grc' dir='ltr'>ᾀνήῤ</span> <span class='ocrx_word' id='word_1_208' title='bbox 1074 2809 1266 2902; x_wconf 84' lang='lat' dir='ltr'>appellatur</span> 
     </span>
     <span class='ocr_line' id='line_1_26' title="bbox 145 2913 1265 3003; baseline -0.006 -18"><span class='ocrx_word' id='word_1_209' title='bbox 145 2913 272 3000; x_wconf 84' lang='lat' dir='ltr'>Cinna,</span> <span class='ocrx_word' id='word_1_210' title='bbox 311 2934 414 3003; x_wconf 90' lang='lat' dir='ltr'>quem</span> <span class='ocrx_word' id='word_1_211' title='bbox 437 2914 609 2984; x_wconf 87' lang='lat' dir='ltr'>tribunum</span> <span class='ocrx_word' id='word_1_212' title='bbox 636 2937 711 2984; x_wconf 86' lang='lat' dir='ltr'>esse</span> <span class='ocrx_word' id='word_1_213' title='bbox 739 2914 919 2985; x_wconf 87' lang='lat' dir='ltr'>miserabili</span> <span class='ocrx_word' id='word_1_214' title='bbox 942 2914 1145 2982; x_wconf 79' lang='lat' dir='ltr'>&#39;exstinctum</span> <span class='ocrx_word' id='word_1_215' title='bbox 1173 2933 1265 2998; x_wconf 88' lang='lat' dir='ltr'>casu,</span> 
     </span>
     <span class='ocr_line' id='line_1_27' title="bbox 143 3014 1265 3108; baseline -0.004 -21"><span class='ocrx_word' id='word_1_216' title='bbox 143 3016 357 3088; x_wconf 86' lang='lat' dir='ltr'>manifestum</span> <span class='ocrx_word' id='word_1_217' title='bbox 378 3026 439 3086; x_wconf 75' lang='lat' dir='ltr'>cst</span> <span class='ocrx_word' id='word_1_218' title='bbox 504 3018 627 3106; x_wconf 89' lang='lat' dir='ltr'>Neque</span> <span class='ocrx_word' id='word_1_219' title='bbox 650 3020 740 3087; x_wconf 92' lang='lat' dir='ltr'>enim</span> <span class='ocrx_word' id='word_1_220' title='bbox 761 3018 840 3102; x_wconf 90' lang='lat' dir='ltr'>erit,</span> <span class='ocrx_word' id='word_1_221' title='bbox 875 3017 934 3108; x_wconf 86' lang='lat' dir='ltr'>qui</span> <span class='ocrx_word' id='word_1_222' title='bbox 954 3014 1121 3107; x_wconf 74' lang='lat' dir='ltr'>Xylandri</span> <span class='ocrx_word' id='word_1_223' title='bbox 1140 3015 1265 3106; x_wconf 87' lang='lat' dir='ltr'>probet</span> 
     </span>
     <span class='ocr_line' id='line_1_28' title="bbox 143 3119 1265 3213; baseline -0.003 -25"><span class='ocrx_word' id='word_1_224' title='bbox 143 3119 417 3206; x_wconf 88' lang='lat' dir='ltr'>hariolationem‚</span> <span class='ocrx_word' id='word_1_225' title='bbox 442 3119 550 3188; x_wconf 86' lang='lat' dir='ltr'>invitis</span> <span class='ocrx_word' id='word_1_226' title='bbox 571 3120 697 3213; x_wconf 81' lang='lat' dir='ltr'>factam</span> <span class='ocrx_word' id='word_1_227' title='bbox 711 3120 895 3190; x_wconf 89' lang='lat' dir='ltr'>Codicibus</span> <span class='ocrx_word' id='word_1_228' title='bbox 910 3141 1021 3208; x_wconf 86' lang='lat' dir='ltr'>neque</span> <span class='ocrx_word' id='word_1_229' title='bbox 1042 3119 1086 3186; x_wconf 90' lang='lat' dir='ltr'>ab</span> <span class='ocrx_word' id='word_1_230' title='bbox 1110 3119 1185 3210; x_wconf 88' lang='lat' dir='ltr'>ipsa</span> <span class='ocrx_word' id='word_1_231' title='bbox 1199 3119 1265 3186; x_wconf 90' lang='lat' dir='ltr'>lin·</span> 
     </span>
     <span class='ocr_line' id='line_1_29' title="bbox 143 3212 1265 3317; baseline -0.004 -25"><span class='ocrx_word' id='word_1_232' title='bbox 143 3246 213 3317; x_wconf 77' lang='lat' dir='ltr'>gna</span> <span class='ocrx_word' id='word_1_233' title='bbox 226 3223 353 3314; x_wconf 90' lang='lat' dir='ltr'>aliquid</span> <span class='ocrx_word' id='word_1_234' title='bbox 368 3221 665 3293; x_wconf 84' lang='lat' dir='ltr'>commendationis</span> <span class='ocrx_word' id='word_1_235' title='bbox 678 3223 871 3293; x_wconf 86' lang='lat' dir='ltr'>habentem.</span> <span class='ocrx_word' id='word_1_236' title='bbox 905 3223 985 3293; x_wconf 92' lang='lat' dir='ltr'>Hoc</span> <span class='ocrx_word' id='word_1_237' title='bbox 999 3244 1078 3290; x_wconf 86' lang='lat' dir='ltr'>vero</span> <span class='ocrx_word' id='word_1_238' title='bbox 1092 3212 1265 3290; x_wconf 83' lang='lat' dir='ltr'>Plutarchi</span> 
     </span>
     <span class='ocr_line' id='line_1_30' title="bbox 71 3322 1265 3419; baseline -0.003 -23"><span class='ocrx_word' id='word_1_239' title='bbox 71 3353 74 3357; x_wconf 77' lang='grc'><strong>’</strong></span> <span class='ocrx_word' id='word_1_240' title='bbox 142 3326 368 3396; x_wconf 86' lang='lat' dir='ltr'>testimonium</span> <span class='ocrx_word' id='word_1_241' title='bbox 387 3325 470 3395; x_wconf 88' lang='lat' dir='ltr'>nihil</span> <span class='ocrx_word' id='word_1_242' title='bbox 492 3322 595 3419; x_wconf 86' lang='lat' dir='ltr'>piane</span> <span class='ocrx_word' id='word_1_243' title='bbox 614 3328 741 3396; x_wconf 79' lang='lat' dir='ltr'>curavit</span> <span class='ocrx_word' id='word_1_244' title='bbox 763 3327 920 3413; x_wconf 82' lang='lat' dir='ltr'>Vossius,</span> <span class='ocrx_word' id='word_1_245' title='bbox 947 3324 1041 3414; x_wconf 93' lang='lat' dir='ltr'>quod</span> <span class='ocrx_word' id='word_1_246' title='bbox 1057 3326 1134 3394; x_wconf 88' lang='lat' dir='ltr'>satis</span> <span class='ocrx_word' id='word_1_247' title='bbox 1152 3325 1265 3393; x_wconf 86' lang='lat' dir='ltr'>mirari</span> 
     </span>
     <span class='ocr_line' id='line_1_31' title="bbox 141 3427 1263 3523; baseline -0.003 -25"><span class='ocrx_word' id='word_1_248' title='bbox 141 3452 211 3499; x_wconf 91' lang='lat' dir='ltr'>non</span> <span class='ocrx_word' id='word_1_249' title='bbox 230 3451 380 3523; x_wconf 83' lang='lat' dir='ltr'>possum.</span> <span class='ocrx_word' id='word_1_250' title='bbox 431 3427 564 3498; x_wconf 86' lang='lat' dir='ltr'>Deinde</span> <span class='ocrx_word' id='word_1_251' title='bbox 586 3440 841 3523; x_wconf 80' lang='lat' dir='ltr'>argumentum,</span> <span class='ocrx_word' id='word_1_252' title='bbox 867 3453 888 3498; x_wconf 90' lang='lat' dir='ltr'>a</span> <span class='ocrx_word' id='word_1_253' title='bbox 913 3429 1114 3521; x_wconf 87' lang='lat' dir='ltr'>scriptorum</span> <span class='ocrx_word' id='word_1_254' title='bbox 1134 3428 1263 3517; x_wconf 65' lang='lat' dir='ltr'>mentio</span> 
     </span>
     <span class='ocr_line' id='line_1_32' title="bbox 140 3530 1264 3627; baseline -0.002 -27"><span class='ocrx_word' id='word_1_255' title='bbox 140 3532 300 3618; x_wconf 88' lang='lat' dir='ltr'>ductum,</span> <span class='ocrx_word' id='word_1_256' title='bbox 324 3531 430 3627; x_wconf 87' lang='lat' dir='ltr'>pluris</span> <span class='ocrx_word' id='word_1_257' title='bbox 446 3531 528 3600; x_wconf 82' lang='lat' dir='ltr'>facit</span> <span class='ocrx_word' id='word_1_258' title='bbox 542 3533 603 3601; x_wconf 87' lang='lat' dir='ltr'>Vir</span> <span class='ocrx_word' id='word_1_259' title='bbox 619 3534 874 3620; x_wconf 88' lang='lat' dir='ltr'>cruditissimus,</span> <span class='ocrx_word' id='word_1_260' title='bbox 891 3556 994 3623; x_wconf 88' lang='lat' dir='ltr'>quam</span> <span class='ocrx_word' id='word_1_261' title='bbox 1006 3555 1072 3625; x_wconf 88' lang='lat' dir='ltr'>par</span> <span class='ocrx_word' id='word_1_262' title='bbox 1087 3541 1155 3601; x_wconf 84' lang='lat' dir='ltr'>est:</span> <span class='ocrx_word' id='word_1_263' title='bbox 1180 3530 1264 3599; x_wconf 92' lang='lat' dir='ltr'>illud</span> 
     </span>
     <span class='ocr_line' id='line_1_33' title="bbox 141 3634 1263 3730; baseline -0.006 -24"><span class='ocrx_word' id='word_1_264' title='bbox 141 3636 231 3706; x_wconf 89' lang='lat' dir='ltr'>enim</span> <span class='ocrx_word' id='word_1_265' title='bbox 251 3658 329 3704; x_wconf 92' lang='lat' dir='ltr'>cum</span> <span class='ocrx_word' id='word_1_266' title='bbox 348 3657 414 3730; x_wconf 85' lang='lat' dir='ltr'>per</span> <span class='ocrx_word' id='word_1_267' title='bbox 436 3659 473 3705; x_wconf 92' lang='lat' dir='ltr'>se</span> <span class='ocrx_word' id='word_1_268' title='bbox 498 3636 574 3704; x_wconf 85' lang='lat' dir='ltr'>leve</span> <span class='ocrx_word' id='word_1_269' title='bbox 594 3646 646 3705; x_wconf 87' lang='lat' dir='ltr'>est</span> <span class='ocrx_word' id='word_1_270' title='bbox 665 3647 766 3727; x_wconf 87' lang='lat' dir='ltr'>atque</span> <span class='ocrx_word' id='word_1_271' title='bbox 783 3637 965 3723; x_wconf 88' lang='lat' dir='ltr'>incertum,</span> <span class='ocrx_word' id='word_1_272' title='bbox 995 3646 1068 3704; x_wconf 90' lang='lat' dir='ltr'>tum</span> <span class='ocrx_word' id='word_1_273' title='bbox 1093 3636 1192 3704; x_wconf 88' lang='lat' dir='ltr'>etium</span> <span class='ocrx_word' id='word_1_274' title='bbox 1216 3634 1263 3701; x_wconf 92' lang='lat' dir='ltr'>sic</span> 
     </span>
     <span class='ocr_line' id='line_1_34' title="bbox 138 3736 1263 3832; baseline -0.004 -24"><span class='ocrx_word' id='word_1_275' title='bbox 138 3736 232 3808; x_wconf 77' lang='lat' dir='ltr'>lucili</span> <span class='ocrx_word' id='word_1_276' title='bbox 246 3761 354 3832; x_wconf 90' lang='lat' dir='ltr'>opera</span> <span class='ocrx_word' id='word_1_277' title='bbox 367 3738 491 3808; x_wconf 82' lang='lat' dir='ltr'>clevari</span> <span class='ocrx_word' id='word_1_278' title='bbox 502 3746 626 3831; x_wconf 81' lang='lat' dir='ltr'>potest,</span> <span class='ocrx_word' id='word_1_279' title='bbox 651 3749 690 3808; x_wconf 90' lang='lat' dir='ltr'>ut</span> <span class='ocrx_word' id='word_1_280' title='bbox 703 3740 865 3826; x_wconf 88' lang='lat' dir='ltr'>dicamus,</span> <span class='ocrx_word' id='word_1_281' title='bbox 890 3740 973 3808; x_wconf 89' lang='lat' dir='ltr'>nihil</span> <span class='ocrx_word' id='word_1_282' title='bbox 988 3747 1196 3808; x_wconf 84' lang='lat' dir='ltr'>cactcromm</span> <span class='ocrx_word' id='word_1_283' title='bbox 1209 3737 1263 3804; x_wconf 90' lang='lat' dir='ltr'>in-</span> 
     </span>
     <span class='ocr_line' id='line_1_35' title="bbox 140 3839 1263 3935; baseline -0.005 -23"><span class='ocrx_word' id='word_1_284' title='bbox 140 3842 296 3912; x_wconf 87' lang='lat' dir='ltr'>terfuisse</span> <span class='ocrx_word' id='word_1_285' title='bbox 316 3842 538 3935; x_wconf 87' lang='lat' dir='ltr'>scriptorum,</span> <span class='ocrx_word' id='word_1_286' title='bbox 563 3851 621 3930; x_wconf 91' lang='lat' dir='ltr'>ut,</span> <span class='ocrx_word' id='word_1_287' title='bbox 647 3843 774 3912; x_wconf 89' lang='lat' dir='ltr'>crudeli</span> <span class='ocrx_word' id='word_1_288' title='bbox 798 3842 872 3935; x_wconf 87' lang='lat' dir='ltr'>ejus</span> <span class='ocrx_word' id='word_1_289' title='bbox 894 3844 965 3911; x_wconf 83' lang='lat' dir='ltr'>fato</span> <span class='ocrx_word' id='word_1_290' title='bbox 986 3850 1190 3928; x_wconf 84' lang='lat' dir='ltr'>memorato,</span> <span class='ocrx_word' id='word_1_291' title='bbox 1216 3839 1263 3907; x_wconf 89' lang='lat' dir='ltr'>si-</span> 
     </span>
     <span class='ocr_line' id='line_1_36' title="bbox 140 3942 1263 4040; baseline -0.007 -23"><span class='ocrx_word' id='word_1_292' title='bbox 140 3946 214 4017; x_wconf 90' lang='lat' dir='ltr'>mul</span> <span class='ocrx_word' id='word_1_293' title='bbox 227 3942 406 4031; x_wconf 86' lang='lat' dir='ltr'>adderent,</span> <span class='ocrx_word' id='word_1_294' title='bbox 430 3946 526 4015; x_wconf 87' lang='lat' dir='ltr'>illum</span> <span class='ocrx_word' id='word_1_295' title='bbox 539 3947 641 4019; x_wconf 82' lang='lat' dir='ltr'>etium</span> <span class='ocrx_word' id='word_1_296' title='bbox 654 3948 826 4040; x_wconf 88' lang='lat' dir='ltr'>poeticam</span> <span class='ocrx_word' id='word_1_297' title='bbox 842 3947 994 4015; x_wconf 86' lang='lat' dir='ltr'>calluisse</span> <span class='ocrx_word' id='word_1_298' title='bbox 1007 3954 1116 4013; x_wconf 86' lang='lat' dir='ltr'>artem</span> <span class='ocrx_word' id='word_1_299' title='bbox 1136 3952 1171 4013; x_wconf 87' lang='lat' dir='ltr'>ct</span> <span class='ocrx_word' id='word_1_300' title='bbox 1187 3966 1263 4010; x_wconf 90' lang='lat' dir='ltr'>car-</span> 
     </span>
     <span class='ocr_line' id='line_1_37' title="bbox 138 4047 1261 4146; baseline -0.004 -28"><span class='ocrx_word' id='word_1_301' title='bbox 138 4049 286 4118; x_wconf 89' lang='lat' dir='ltr'>minibus</span> <span class='ocrx_word' id='word_1_302' title='bbox 305 4048 490 4118; x_wconf 82' lang='lat' dir='ltr'>scribendis</span> <span class='ocrx_word' id='word_1_303' title='bbox 506 4049 635 4119; x_wconf 87' lang='lat' dir='ltr'>clarnm</span> <span class='ocrx_word' id='word_1_304' title='bbox 653 4050 767 4120; x_wconf 80' lang='lat' dir='ltr'>fuisse.</span> <span class='ocrx_word' id='word_1_305' title='bbox 819 4051 942 4140; x_wconf 86' lang='lat' dir='ltr'>Neque</span> <span class='ocrx_word' id='word_1_306' title='bbox 961 4048 1071 4146; x_wconf 80' lang='lat' dir='ltr'>magis</span> <span class='ocrx_word' id='word_1_307' title='bbox 1097 4047 1261 4115; x_wconf 86' lang='lat' dir='ltr'>aGram-</span> 
     </span>
     <span class='ocr_line' id='line_1_38' title="bbox 142 4141 1263 4247; baseline -0.004 -25"><span class='ocrx_word' id='word_1_308' title='bbox 142 4150 269 4222; x_wconf 87' lang='lat' dir='ltr'>maticis</span> <span class='ocrx_word' id='word_1_309' title='bbox 282 4151 445 4247; x_wconf 84' lang='lat' dir='ltr'>postulari</span> <span class='ocrx_word' id='word_1_310' title='bbox 460 4161 612 4246; x_wconf 89' lang='lat' dir='ltr'>poterat,</span> <span class='ocrx_word' id='word_1_311' title='bbox 637 4164 692 4240; x_wconf 89' lang='lat' dir='ltr'>ut,</span> <span class='ocrx_word' id='word_1_312' title='bbox 719 4153 826 4224; x_wconf 88' lang='lat' dir='ltr'>sicubi</span> <span class='ocrx_word' id='word_1_313' title='bbox 847 4141 990 4225; x_wconf 88' lang='lat' dir='ltr'>Cinnam</span> <span class='ocrx_word' id='word_1_314' title='bbox 1011 4151 1151 4219; x_wconf 88' lang='lat' dir='ltr'>citarent</span> <span class='ocrx_word' id='word_1_315' title='bbox 1164 4151 1263 4240; x_wconf 82' lang='lat' dir='ltr'>frag-</span> 
     </span>
     <span class='ocr_line' id='line_1_39' title="bbox 141 4253 1262 4348; baseline -0.005 -21"><span class='ocrx_word' id='word_1_316' title='bbox 141 4264 332 4327; x_wconf 83' lang='lat' dir='ltr'>mentumve</span> <span class='ocrx_word' id='word_1_317' title='bbox 355 4253 429 4348; x_wconf 85' lang='lat' dir='ltr'>ejus</span> <span class='ocrx_word' id='word_1_318' title='bbox 449 4258 632 4327; x_wconf 72' lang='lat' dir='ltr'>cuminum</span> <span class='ocrx_word' id='word_1_319' title='bbox 651 4255 831 4344; x_wconf 85' lang='lat' dir='ltr'>afferrent,</span> <span class='ocrx_word' id='word_1_320' title='bbox 866 4256 985 4343; x_wconf 59' lang='lat' dir='ltr'>etium</span> <span class='ocrx_word' id='word_1_321' title='bbox 1016 4255 1117 4345; x_wconf 89' lang='lat' dir='ltr'>quale</span> <span class='ocrx_word' id='word_1_322' title='bbox 1145 4254 1262 4323; x_wconf 86' lang='lat' dir='ltr'>mortis</span> 
     </span>
    </p>
   </div>
   <div class='ocr_carea' id='block_1_7' title="bbox 0 0 1388 4838">
    <p class='ocr_par' dir='ltr' id='par_1_8' title="bbox 0 0 1388 4838">
     <span class='ocr_line' id='line_1_40' title="bbox 0 0 1388 4838; baseline 0 3"><span class='ocrx_word' id='word_1_323' title='bbox 0 0 1388 4838; x_wconf 95' lang='lat' dir='ltr'> </span> 
     </span>
    </p>
   </div>
  </div>
 </body>
</html>
