2768 4838
230 285 234 290 '
352 300 410 357 us
437 272 469 358 a.
496 300 667 358 annaio
691 308 825 360 oum
849 308 1018 365 nouum⁴
1170 286 1251 362 let

123 471 254 550 metro,
278 457 327 531 ita
346 463 447 533 etiem
461 461 583 533 diversi
597 465 804 555 argumenti,
828 468 1010 537 maximam
1030 461 1144 539 tamen
1165 446 1261 563 par-⁸

124 579 194 637 tem
209 565 341 634 ludicra
357 576 458 658 atque
483 565 783 654 suscensuisse,
807 572 931 660 partim
946 569 1059 640 Ovidii
1080 574 1181 642 Trist.
1206 574 1250 643 11.

72 652 81 681 ‘
124 667 212 740 435.
235 670 477 762 testimonium,
504 672 628 764 partim
644 673 839 763 superstites
859 674 972 742 adhuc
1002 699 1045 745 ex
1069 677 1108 744 iis
1135 692 1252 747 versus

126 776 294 844 evincunt
345 754 436 844 Νιιιιι
449 773 616 866 ejusmodi
628 775 785 843 breviora
801 779 947 844 carmina
963 779 1021 847 et
999 780 1136 877 angenir
1125 779 1252 867 lusus,

127 878 243 970 quales
269 877 435 969 scripsere
453 878 621 964 Catullus,
649 877 773 946 Calvus
796 888 829 946 et
855 881 909 947 alii
924 880 1135 950 Poematum
1155 885 1253 953 titulo

126 1006 148 1050 a
162 981 332 1049 veteribus
347 982 509 1050 Romanis
523 981 647 1049 fuisse
637 982 831 1073 anscriptos,
853 992 993 1052 testatur
1006 986 1131 1054 Plinius
1145 987 1253 1107 Epist.

127 1084 187 1154 lv.
204 1082 272 1151 14.
266 1079 322 1179 §.
342 1082 377 1152 9.
395 1094 429 1153 01
444 1084 504 1152 21.
520 1080 604 1179 §.L
655 1084 782 1152 Hunc
773 1088 875 1177 igitur
889 1078 1043 1156 ordinem
1060 1091 1164 1158 secuti
1179 1091 1254 1183 ipsa

128 1210 315 1256 carminum
327 1187 518 1282 fragmenta
530 1210 775 1257 recenseamus

497 1339 530 1410 Ι
584 1339 884 1432 Zmyrna

227 1491 255 1567 1.
304 1494 492 1565 Priscianus
512 1492 556 1562 de
573 1510 648 1562 voe.
666 1492 769 1561 alma
782 1515 955 1585 exponens
969 1493 1046 1568 Lib.
1060 1496 1119 1569 Vl.
1143 1521 1173 1566 c.
1192 1495 1251 1571 16.

128 1591 165 1696 §.
178 1594 241 1668 84.
256 1598 315 1689 (p.
332 1599 419 1669 118.
435 1599 489 1667 ed
503 1595 685 1689 Putsch.):
711 1594 844 1684 „Cinna
857 1599 891 1665 iu
909 1598 1059 1669 Smirna:

229 1701 281 1771 Aa
298 1705 413 1772 scelus
427 1703 557 1770 incesto
575 1701 729 1791 Cinyrae
746 1700 928 1769 crescebat
941 1702 981 1769 in
994 1704 1111 1771 alvo.“
1244 1744 1247 1751 ·

126 1804 196 1883 Pto
218 1803 276 1873 Ao
298 1807 430 1891 scelus,
466 1803 559 1894 q'uod
585 1802 763 1873 Putschius
785 1804 908 1891 habet,
952 1804 1058 1874 edidit
1090 1804 1252 1876 Krehlius

127 1907 172 1976 Τ.
188 1907 215 1975 1.
237 1930 272 1999 p.
288 1909 374 1983 111.
398 1931 440 1977 ex
456 1906 566 1976 Codd.
591 1907 805 1974 auctoritate:
831 1906 882 1976 Aa
901 1909 1034 1995 scelus,
1060 1920 1095 1978 et
1114 1911 1161 1977 ita
1176 1909 1254 2003 jam
1280 1956 1290 1987 1

129 2010 323 2102 Stephanus
345 2036 381 2105 p.
400 2006 488 2078 415.
513 2019 548 2079 et
562 2010 603 2082 C.
626 2007 786 2079 Barthius
801 2010 944 2080 Aduers.
966 2010 1043 2079 Lib.
1065 2012 1124 2081 lv,
1143 2037 1172 2081 c.
1191 2013 1253 2082 29.

127 2135 164 2206 p.
183 2113 267 2182 191.
318 2114 474 2206 Uterque
490 2115 591 2182 ctiam
605 2113 747 2183 rectius:
774 2113 810 2182 in
826 2112 983 2204 Smyrna
1002 2139 1068 2208 pro
1092 2115 1254 2202 Smiraa,

130 2241 218 2308 quae
244 2219 410 2311 scriptura
440 2219 521 2286 ferri
548 2217 677 2307 nequit.
739 2216 910 2285 Eumdem
942 2241 1078 2286 versum
1110 2220 1254 2311 legimus

114 2322 230 2388 etiam
244 2320 429 2390 admodum
449 2321 613 2389 mendose
635 2342 691 2413 ap.
707 2320 919 2417 Sosipatrum
935 2320 1011 2387 Lib.
1034 2321 1059 2389 1.
1082 2322 1255 2404 incertum

128 2425 226 2517 turpi
241 2423 424 2494 crescebat
440 2425 476 2493 in
498 2425 595 2493 alvos
621 2446 724 2512 quem
745 2422 922 2492 Putschiua
938 2446 974 2515 p.
989 2422 1051 2496 61.
1070 2425 1117 2493 ita
1135 2428 1254 2493 carrek

24 2619 27 2623 ,
124 2536 222 2617 itum
244 2528 366 2598 edidit:
399 2528 451 2596 At
470 2529 585 2597 scelus
606 2527 738 2598 incesto
760 2532 867 2620 turpe
889 2525 1073 2598 crescebat
1094 2529 1139 2596 in*
1154 2528 1256 2597 aluo:

129 2631 188 2698 ubi
200 2653 300 2700 nemo
317 2632 465 2719 dubitet,
492 2631 574 2722 quin
588 2631 802 2700 seminandam
818 2631 875 2699 sit:
892 2631 944 2699 At
957 2633 1072 2700 scelus
1086 2633 1256 2701 incestum
1340 2716 1343 2721 Ι

129 2735 227 2827 turpi
240 2734 423 2805 crescebat
441 2735 477 2803 in
496 2735 588 2803 alvo.
640 2734 739 2803 Haec
755 2755 835 2801 vero
856 2734 1006 2803 lectionis
1031 2737 1171 2804 varietas
1187 2736 1255 2804 du·

129 2837 224 2919 bium
244 2836 357 2906 reddit
374 2862 429 2930 ap.
445 2837 655 2906 Priscianum
675 2858 801 2905 nomen
821 2834 993 2925 Cinyrae,
1021 2839 1114 2928 quod
1137 2862 1254 2908 omnes

131 2941 233 3009 etiam
256 2940 388 3010 Krehlii
410 2938 557 3008 Codices
579 2939 756 3026 damnant,
789 2939 844 3007 vel
868 2939 1003 3009 Cinnae
1022 2942 1078 3009 vei
1103 2942 1256 3011 Cirenae

129 3045 351 3138 praebentes,
389 3043 536 3133 ideoque
569 3041 779 3112 doctissimus
806 3043 862 3111 ille
889 3044 940 3110 vir
973 3043 1140 3113 Smirnae
1168 3046 1255 3135 (scr.

132 3148 324 3239 Smyrnae]
337 3171 402 3239 pro
422 3147 577 3237 Cinyrae
592 3147 752 3239 conjecit:
779 3169 868 3235 quae
887 3147 1075 3214 emendatio
1089 3148 1164 3239 jam
1179 3158 1256 3215 ten-

132 3259 200 3318 tata
222 3258 273 3319 est
294 3275 316 3318 a
335 3251 532 3318 Burmanno
554 3251 599 3318 ad
616 3248 730 3318 Ovidii
742 3247 828 3321 Met.
841 3247 919 3321 Lib.
936 3249 979 3319 X.
994 3273 1026 3318 v.
1043 3248 1129 3318 298.
1150 3251 1194 3319 Τ.
1211 3250 1254 3318 11.

69 3387 73 3393 ·
130 3375 169 3446 p.
183 3352 209 3421 1
213 3353 269 3425 11
285 3363 319 3422 et
332 3354 477 3476 probata
489 3354 553 3422 fuit
568 3354 616 3423 10.
627 3354 674 3425 H.
681 3351 801 3420 Vossio
816 3352 860 3419 ad
874 3353 993 3445 Virgii.
1002 3353 1077 3421 1101
1089 3354 1149 3422 IX.
1156 3376 1186 3426 v
1194 3351 1255 3422 31).

131 3453 268 3553 [1614
286 3480 344 3547 qua
333 3457 449 3532 huuc
465 3479 599 3524 versum
611 3455 814 3525 vernacule
805 3457 1048 3525 rtaconvcrtit:
1131 3460 1140 3470 “

234 3560 336 3631 Aber
352 3562 420 3632 der
439 3559 578 3630 Grauel
592 3558 777 3631 awucias
765 3582 800 3627 aa
814 3559 883 3628 der
898 3558 1056 3649 Smyrna
1075 3556 1258 3665 gasakan·-

717 3661 842 3735 daea
855 3661 1062 3743 Schoossea

36 3805 40 3817 ι
134 3788 238 3855 quam
252 3763 520 3836 emendationem
535 3767 723 3859 speciosam
741 3766 925 3834 admodum
949 3787 1024 3833 esse
1041 3765 1169 3849 fateor,
1194 3762 1258 3834 sed

134 3893 178 3938 an
193 3893 274 3938 vera
292 3875 350 3958 sit,
369 3893 437 3937 non
452 3870 557 3938 ausim
573 3870 751 3937 affirmare.
803 3869 1067 3960 Eteniminepta
1083 3869 1141 3964 iila
1155 3869 1257 3936 lectio
1310 3948 1313 3954 ,

138 3971 293 4060 Cinnae,
323 3974 501 4042 manifesto
524 3982 598 4041 orta
618 3993 660 4040 ex
687 3971 857 4056 Cirenae,
893 3971 921 4040 si
941 3972 1112 4041 literarum
1136 3970 1256 4039 ductus

135 4086 170 4145 et
192 4077 405 4168 frequentem
427 4099 544 4145 eorum
563 4074 763 4143 metathesin
783 4075 960 4167 respicias,
996 4098 1058 4145 nos
1078 4076 1189 4168 potius
1211 4073 1258 4140 ad
1345 4120 1351 4130 ι

135 4202 260 4269 nomen
285 4180 456 4271 Cinyrae,
493 4202 596 4270 quam
618 4177 795 4271 Sanyrme
816 4178 973 4266 deducit,
1013 4187 1048 4249 et
1069 4200 1155 4268 quae
1177 4176 1258 4244 uide

81 4306 100 4316 ⁴·
134 4284 282 4354 nascitur
299 4286 482 4356 uerborum
496 4281 701 4378 synchysis,
726 4282 820 4357 haud
838 4283 918 4354 raro
939 4280 1034 4378 apud
1050 4289 1171 4376 poetas
1190 4279 1255 4351 ob·
