2768 4838
166 284 243 355 122
409 310 464 359 aa
490 312 521 359 c.
549 314 717 364 nrorrro
743 316 1065 371 cenvoroarn.

166 456 292 529 Calvus
308 460 410 554 igitur
422 461 563 557 ejusque
578 468 704 536 amicus
725 468 871 538 carmina
890 472 1094 563 scripeemnt
1112 476 1287 560 amatoria,

165 584 274 652 eaque
287 566 441 635 molliora
457 590 497 635 ac
517 571 759 661 petulantiora,
786 596 874 663 quae
896 597 964 642 non
979 577 1035 643 illa
1051 586 1200 665 tantum,
1226 582 1288 649 sed

163 667 281 734 seriori
296 668 397 737 etiam
418 680 544 760 aetate,
570 673 705 742 labente
728 677 927 768 praesertim
949 700 1081 747 morum
1100 684 1286 768 sanctitate,

162 769 325 860 plurimos
342 773 517 864 utriusque
538 799 635 845 sexus
652 778 870 849 admiratores
886 789 920 848 et
942 781 1123 851 imitatores
1146 786 1285 855 invene-

161 880 254 941 runt:
280 874 317 941 id
337 876 432 965 qnod
452 888 589 969 praeter
607 882 821 973 Propertium
841 892 876 953 et
890 881 1068 972 Ovidium,
1094 888 1150 954 rel
1169 888 1285 957 Hora-

160 975 225 1042 tius
241 976 334 1044 Libr.
357 978 383 1046 l.
406 980 476 1049 Sat.
499 982 558 1054 lb.
580 1004 612 1051 v.
631 983 691 1052 lt.
716 994 873 1073 testatur,
900 988 974 1077 qui,
1008 989 1088 1057 licet
1107 990 1180 1081 ipse
1201 1014 1284 1060 con-

160 1081 314 1169 temptim
328 1079 372 1149 de
385 1082 424 1150 iis
431 1083 582 1174 judicet,
606 1097 721 1155 tamen
735 1084 911 1179 pennultis
927 1113 968 1158 ea
980 1088 1147 1183 placuisse
1161 1096 1284 1161 acerba

159 1181 222 1248 ista
237 1183 463 1277 Hermogenis
477 1199 512 1257 et
530 1190 692 1258 Demetrii
713 1191 866 1261 irrisione
884 1194 985 1263 tacite
1005 1197 1184 1287 profitetur
1206 1196 1283 1288 ²⁸).

158 1283 214 1351 Ex
230 1288 345 1354 seriori
365 1298 474 1361 aetate
494 1291 566 1384 ejus
583 1295 632 1361 rei
647 1296 740 1363 testie
757 1304 808 1363 est
821 1296 947 1365 Plinius
964 1296 1041 1368 Lib.
1062 1298 1089 1367 1.
1109 1298 1205 1392 epist.
1220 1298 1279 1369 lo.

158 1388 219 1477 qui
234 1388 361 1458 Erucio
383 1414 444 1469 auo
467 1395 582 1463 scribit
602 1395 647 1464 da
666 1396 834 1489 Pompejo
858 1400 1059 1489 Satnmino,
1092 1422 1207 1470 verens
1227 1403 1282 1471 fa·

159 1490 284 1580 ciente,
310 1495 435 1585 quales
458 1496 621 1567 Catulino
642 1506 705 1568 aut
731 1500 880 1591 Calvae,
906 1502 1086 1594 additque:
1111 1512 1282 1597 quantam

158 1593 390 1687 illialeparie,
416 1597 632 1688 dulcediaie,
657 1602 929 1688 amaritudiaia,
954 1606 1112 1675 amorio!
1150 1606 1282 1677 Inserit

157 1717 263 1779 eane,
291 1699 358 1767 aed
380 1700 474 1769 data
494 1724 625 1795 opera,
650 1705 816 1775 mollibus
834 1706 1037 1799 &viduaque
1057 1707 1282 1779 duriusculos

158 1799 355 1887 quosdamr
379 1810 415 1871 et
432 1804 500 1874 aaa
510 1808 616 1897 quaet
632 1806 798 1877 Catullm
811 1816 875 1875 aut
894 1806 1036 1879 Oaluua.
1087 1806 1167 1877 Hoc
1182 1813 1279 1879 Plinii

158 1900 236 1968 loco
261 1900 587 1999 descriptamquaei
609 1908 764 1977 videmur
782 1918 937 1979 naturam
957 1921 991 1980 et
1010 1912 1160 1995 indolem
1182 1914 1279 1981 Calvi

156 2012 370 2096 poematum,
395 2032 511 2101 quae,
527 2014 685 2082 eieoram
704 2021 940 2107 argumentum
956 2008 1164 2109 spectamus,
1189 2017 1278 2085 mol—

157 2210 366 2239 Μ

154 2344 189 2400 n.
204 2344 263 2399 Lib.
282 2344 305 2409 l,
322 2324 370 2403 ²²:
407 2344 556 2401 Simonide·
578 2340 632 2401 a'on
653 2316 840 2417 eale'mepla'ata
853 2346 961 2413 ananie,
983 2328 1277 2401 eeram'etiarn·eetera

155 2432 235 2483 qaam
252 2417 343 2470 doctae
359 2418 512 2487 rapiamque
535 2416 639 2470 dicitnr.
680 2419 859 2471 Maecenatem
883 2416 1112 2481 eunmJloratine
1134 2418 1277 2487 alloquitur

154 2486 205 2551 Ep.
222 2487 244 2538 Ι.
263 2486 307 2539 la.
323 2502 351 2539 v.
369 2488 408 2539 La
433 2488 576 2541 Maecena·
592 2488 666 2541 docta
689 2487 724 2539 ob
749 2487 884 2557 ingenium
902 2488 1040 2541 literarum
1058 2486 1209 2553 artiumque
1225 2488 1277 2537 hn-

154 2554 282 2677 gpluitage
304 2555 439 2611 excultam
459 2554 638 2625 politumque:
661 2569 743 2623 quam
767 2556 902 2611 doctrinae
924 2556 1031 2611 hade·
1054 2572 1132 2610 nemo
1155 2555 1206 2609 erit
1231 2556 1275 2624 qui

206 2640 239 2677 vo
271 2630 373 2693 eroget.

223 2708 272 2778 28)
306 2710 407 2779 Nernpe
422 2708 468 2763 iar
484 2713 602 2763 cantorea
618 2698 695 2763 Calvi
712 2715 740 2765 et
755 2711 853 2764 Catulli
870 2710 964 2764 aetati·
982 2711 1122 2778 placebant
1144 2727 1210 2765 auae
1224 2711 1276 2764 ho-

153 2778 269 2832 miniboe
285 2784 312 2833 et
328 2780 385 2832 vita
401 2785 429 2832 et
446 2780 564 2833 moriboe
580 2780 755 2848 ellerainatia,
779 2781 825 2849 qui
842 2798 895 2833 non
914 2782 973 2845 jam
990 2782 1137 2847 llomeroe,
1158 2782 1203 2833 aod
1217 2782 1276 2832 llo-

153 2847 318 2913 meronidaa‚
340 2866 392 2900 nan
406 2849 505 2901 [laniae
520 2848 587 2903 alioe
605 2868 640 2903 ue
655 2858 762 2919 poetae,
783 2850 910 2903 virtutem
933 2856 960 2902 et
976 2850 1155 2901 tortitudinem
1172 2853 1275 2917 spiran-

154 2926 209 2981 tea,
226 2920 271 2988 aed
288 2919 426 2987 poetillar‚
449 2933 572 2987 unorum
606 2918 690 2973 eliaiir
713 2924 741 2972 et
756 2918 833 2971 molli
850 2920 965 2987 quadam
981 2918 1130 2970 diffluentes
1151 2921 1274 2985 petulan-

154 2987 208 3051 tia,
226 2988 352 3041 anrabent
367 3004 511 3055 conumque
526 2996 649 3055 poemata
666 2995 692 3043 et
708 2988 833 3058 legebant
848 2990 960 3041 libenter
975 2997 1002 3039 et
1018 2988 1168 3039 aridicbant.
1192 2988 1275 3040 latam

152 3056 300 3113 alodiorum
316 3056 540 3123 repumicatio,
557 3056 597 3110 rel
611 3058 734 3125 publicae
748 3057 855 3110 interitu
872 3056 983 3109 mbinde
1000 3055 1211 3118 invaleaaentenr,
1228 3058 1275 3108 de-

170 3130 241 3181 lorat
253 3127 312 3191 jan
329 3126 439 3193 cicero,
460 3128 644 3180 murmurillo
665 3134 785 3179 vetemm
808 3134 899 3178 vatum
916 3125 1062 3179 admirator
1085 3134 1111 3179 et
1127 3126 1223 3178 uindcr
1240 3128 1274 3193 Q.

179 3214 233 3250 uec.
250 3196 299 3250 111.
317 3212 340 3248 a.
358 3196 417 3261 lta,
433 3194 494 3261 nbi,
521 3196 637 3249 landatia
652 3194 732 3248 Ennii
749 3195 880 3259 retribue,
903 3194 1044 3263 gravitatis
1061 3202 1087 3246 ct
1101 3196 1274 3250 sublimitati·

152 3266 251 3335 plenia
276 3280 338 3320 auru
360 3266 474 3335 qaudam
503 3264 732 3337 indignetiananle
759 3265 906 3317 exclamat:
940 3264 964 3315 0
986 3272 1094 3331 poclm
1119 3267 1274 3334 egregiam!

152 3352 311 3407 qnamquan
327 3336 363 3387 ab
379 3335 421 3387 bie
446 3337 593 3389 amariae·
608 3335 783 3403 ambariana
805 3333 992 3386 contemnitur:
1014 3350 1093 3399 quem
1112 3336 1201 3388 lacum
1224 3335 1273 3387 etei

152 3407 290 3476 praeclara
312 3402 458 3473 explicarit
480 3404 514 3458 A.
536 3406 657 3459 Mainake
682 3405 710 3456 in
733 3402 912 3471 Euphorionia
935 3402 1057 3455 Chalaid.
1084 3405 1135 3457 t'it.
1161 3412 1190 3457 et
1214 3404 1270 3455 Sar.

151 3495 179 3547 p.
196 3475 232 3529 83
248 3493 288 3544 aq.
304 3472 396 3542 ibique
410 3473 515 3540 doerit,
540 3474 636 3543 reapici
661 3490 679 3527 a
695 3472 821 3526 Cicerone
836 3471 1128 3557 nepharium-unga
1143 3472 1272 3526 nolliorie

151 3544 463 3685 tamtam,
477 3542 1078 3683 Pntzc‘gstt’tttalttttt
1092 3558 1272 3664 {Paeti

149 3682 471 3807 lillalfflib'l
483 3682 598 3807 itti
612 3682 818 3805 dludi:
830 3679 1271 3815 lamentabunt

150 3822 249 3890 etlam
272 3838 343 3893 quae
365 3824 506 3887 (libariae,
529 3822 573 3876 vir
594 3766 803 3885 ereditlealmue,
829 3828 921 3876 contra
945 3838 989 3872 mo
1011 3819 1038 3872 in
1062 3820 1153 3870 Jubati
1176 3818 1270 3871 Annal.

149 3892 250 3949 Philel.
271 3898 299 3946 et
321 3892 439 3961 Paedag.
470 3890 529 3946 l‘ol.
556 3892 603 3949 lll.
627 3910 653 3961 p.
676 3890 720 3945 aa.
746 3891 895 3945 inductione
915 3890 1030 3957 quadam
1053 3905 1114 3939 nana
1138 3886 1269 3949 dieaeruit,

150 3962 283 4027 nondum
307 3962 410 4026 lateor,
435 3976 496 4013 eam
513 3962 631 4015 babuerc
647 3960 717 4027 rim,
739 3968 769 4013 nt
791 3960 907 4027 priorem
923 3961 956 4011 de
971 3956 1114 4010 lloratiani
1129 3957 1182 4008 loci
1199 3955 1226 4007 vi
1243 3960 1270 4006 et

150 4030 274 4085 acumine
288 4031 443 4085 rententianr
459 4030 568 4085 mirram
585 4033 708 4087 tacerem
749 4030 825 4084 Calvi
848 4029 919 4082 eninr
942 4032 969 4080 et
993 4028 1092 4079 catulli
1108 4032 1231 4094 poemata
1246 4024 1269 4075 ai

150 4100 264 4156 Horatio
280 4100 345 4153 aetia
360 4100 489 4183 pulchra,
512 4100 607 4171 gravia
630 4118 679 4152 nea
701 4098 783 4168 digne
805 4102 956 4165 contemptu
972 4095 1083 4148 luiuent
1099 4096 1171 4160 viae,
1195 4094 1269 4146 atillo

151 4176 229 4238 pecte
245 4174 349 4238 poterat
365 4168 512 4239 indignari,
528 4184 562 4223 ea
576 4170 649 4234 oola,
666 4169 792 4237 neglecti·
809 4166 933 4233 Graecia,
949 4164 1051 4217 cantari
1066 4166 1145 4218 solita
1161 4182 1217 4217 aeae
1234 4165 1268 4215 ab

150 4241 320 4307 Hermogene
335 4237 443 4307 ejuaque
458 4238 554 4305 rianio,
569 4239 711 4292 mario.
729 4237 857 4291 lloratiur
873 4236 955 4305 igitur
969 4250 1023 4288 uon
1039 4241 1094 4289 mm
1110 4237 1270 4290 obtrectator

152 4308 259 4362 illorum
274 4306 333 4361 vita
346 4306 404 4372 iam
416 4306 600 4365 detunctorum
617 4306 686 4374 tate,
702 4322 783 4375 quara
799 4304 975 4372 watamptor!
