2768 4838
122 192 207 284 101
327 216 379 285 a'n
399 218 549 285 utana
570 230 763 287 mamre
787 224 1043 288 murena.-

42 406 52 445 ⁸
226 386 319 462 (ium
339 391 429 469 enlm
453 392 562 462 Poeta
582 393 646 463 sub
664 394 769 463 linem
791 393 869 462 anni
892 390 940 463 U.
969 392 1010 465 0.
1031 386 1139 483 tat„
1171 413 1256 485 qne

122 515 213 566 amo
225 493 323 563 Libri
336 494 380 563 ll.
395 493 477 564 Oda
488 496 703 566 duodecima
715 496 937 590 probabiliter
949 497 1077 589 scripta
1091 505 1144 565 e'st
1168 496 1258 591 4⁶),·

123 602 147 669 a
158 596 361 693 Maecenate
373 608 512 690 rogatus
526 610 614 670 esset
626 610 662 670 et
675 601 846 688 incitatus,
871 607 910 669 ut
932 599 1079 693 Augusti
1102 622 1160 669 res
1182 621 1254 692 ge-
1351 666 1356 675 .

123 710 193 773 atae
211 702 362 771 versibus
382 703 564 791 scriberet,
596 724 666 775 ¹suo
687 703 732 772 de
752 725 849 797 more
868 726 911 772 ea
930 726 1010 772 usna
1034 710 1086 772 eat
1105 724 1253 772 excusa-

122 804 233 889 tione,
258 815 297 876 ut
310 827 347 874 se
365 805 464 875 nutis
484 806 587 874 rebus
601 806 664 875 rite
679 806 837 875 canendis
850 814 975 899 ‘parem
994 828 1069 876 esse
1093 812 1252 897 negaret,

122 906 295 996 dictitans,
327 928 425 978 auam
447 907 585 997 Musam
608 932 676 979 non
705 909 768 978 nisi
791 909 924 979 levioris
946 910 1137 1003 argumenti
1157 912 1253 1002 poe-

120 1010 221 1095 matia
237 1020 273 1080 et
294 1010 462 1081 amatoriis
480 1012 607 1082 lusibus
628 1013 794 1106 nugisque
816 1013 984 1082 sufficere.
1014 1078 1017 1085 ,
1050 1012 1250 1083 Subvenitue

122 1112 245 1207 igitur,
279 1136 324 1183 ue
345 1123 416 1183 tam
438 1116 588 1184 sublimis
607 1116 796 1209 argumenti
817 1115 1032 1209 dignitatem,
1059 1114 1253 1209 cujusmodi
1347 1178 1350 1185 .

121 1216 166 1287 ait
179 1217 251 1285 laus
274 1217 419 1311 Augusti
439 1218 531 1287 bello
550 1218 666 1312 barte,
695 1219 747 1288 sni
767 1219 892 1311 ingenii
911 1221 1073 1289 tenuitate
1095 1226 1130 1288 et
1146 1219 1253 1311 culpa

107 1313 314 1407 obtereret,
338 1321 531 1415 perurbana
544 1312 763 1392 conversione
782 1322 824 1390 id·
839 1323 969 1415 negotii
991 1322 1164 1414 delegavit
1183 1322 1253 1415 ipsi

123 1422 334 1511 Maecenati,
360 1446 463 1516 quem
484 1426 538 1494 vel
554 1426 664 1494 soluta
684 1426 835 1494 oratioue
856 1422 911 1495 re'e
933 1426 976 1494 ab
1000 1427 1158 1519 Augusto
1184 1448 1254 1518 ge-
1288 1472 1292 1480 ·

125 1535 193 1597 atas
209 1526 330 1595 melius
345 1527 547 1620 digniusque
567 1528 734 1597 dicturum
754 1551 828 1598 ease
851 1529 905 1597 ait
957 1522 1252 1620 Postquamillius'

123 1631 315 1724 argumenti
345 1631 581 1699 sublimitatem
610 1632 912 1723 difficultatemque
941 1634 1127 1727 praemissa
1156 1631 1253 1700 simi-

122 1733 208 1803 lium
222 1744 495 1827 argumentorum
511 1736 634 1826 partim
655 1758 697 1803 ex
716 1736 950 1804 Romanorum
965 1736 1103 1805 historia
1123 1735 1254 1828 partim

125 1858 169 1923 ex
191 1836 403 1907 Graecorum
431 1837 645 1932 mythologie
672 1838 893 1932 repetiturum
913 1840 1165 1908 enumeratione
1186 1838 1255 1908 de-

53 1980 60 1995 ι
125 1939 280 2025 claravit,
314 1940 582 2029 Maecenatem.
601 1964 705 2032 quem
723 1940 912 2034 periculum
936 1952 1009 2011 erat
1031 1966 1074 2011 ne
1095 1965 1158 2011 sua
1177 1950 1256 2011 ter-
1327 1988 1330 1993 -

123 2043 348 2136 giversatione
374 2043 579 2131 offenderet,
612 2042 729 2133 veluti·
743 2044 935 2137 placaturus
954 2068 1021 2115 nou
1044 2045 1150 2114 modo
1177 2044 1257 2138 ejua

124 2144 312 2215 doctrinam
331 2146 570 2239 scribendique
590 2156 697 2217 artem
715 2147 847 2233 laudat,
872 2147 936 2216 sed
959 2148 1060 2219 etiam
1079 2148 1200 2243 pergit
1219 2172 1257 2225 ν.

116 2245 176 2318 *ΙΙ
199 2272 273 2340 sqq.

43 2376 51 2387 ·
225 2350 292 2422 Me
316 2351 432 2422 dulcia
457 2352 625 2422 durninoa
648 2349 760 2421 Musa
783 2349 992 2441 Licymniae

231 2455 385 2540 canas,
409 2456 600 2524 mavoluit
624 2455 745 2522 dicere
770 2454 930 2524 lucidum
1124 2449 1129 2456 ’

225 2555 422 2650 Fulgentes
446 2559 566 2627 oculos
591 2564 626 2626 et
650 2555 738 2625 bene
760 2558 891 2626 mutuis

180 2710 184 2717 -
328 2659 461 2728 Fidum
482 2666 610 2753 pectus
634 2658 833 2729 amoribus:

231 2759 358 2856 Quum'
376 2785 442 2832 nec
456 2762 567 2857 serre
584 2763 719 2857 pedem
743 2761 911 2832 dedecuit
936 2759 1054 2830 eboris

225 2863 307 2934 Nec
332 2874 473 2936 amare
488 2861 572 2958 joco
597 2888 662 2936 nec
687 2868 781 2935 dure
806 2864 958 2936 nnita
1026 2878 1029 2883 '

227 2967 426 3039 ludentem
450 2971 572 3039 nitidis
595 2969 796 3063 uirginibus
819 2988 927 3040 sacro

330 3072 478 3145 Dianae
502 3071 652 3143 celebria
676 3072 746 3142 die.

194 3271 245 3345 tt)
272 3274 399 3342 Temnon.
417 3287 469 3342 quo
485 3271 553 3328 iaaac
569 3268 628 3328 Oia
643 3266 789 3342 comnmita
802 3265 853 3337 ait,
875 3280 928 3325 aar
942 3262 994 3323 nisi
1010 3264 1133 3354 unirerre
1148 3261 1261 3324 definiri

124 3347 220 3415 murt.
256 3344 385 3398 liaceriur
402 3344 435 3398 T.
448 3343 482 3396 ll.
500 3363 526 3412 p.
542 3344 602 3398 16⁰,
620 3344 770 3411 existimat,
788 3358 815 3395 v.
833 3338 876 3395 11.
894 3338 991 3408 respici
1006 3340 1139 3405 triplicem
1156 3340 1259 3393 triuu-

123 3414 226 3483 plaum,
254 3413 448 3478 Dalmaticum,
473 3411 609 3466 Actiacum
625 3421 652 3467 et
668 3411 890 3474 Alexandrinum,
916 3425 995 3477 quem
1012 3407 1111 3460 Guesar
1127 3404 1259 3462 Octauia·

123 3498 189 3549 ιιι,
206 3500 238 3537 οι
256 3483 317 3536 laia
333 3500 422 3536 menae
439 3481 534 3535 Sextili
552 3498 576 3539 a.
593 3483 627 3538 U.
644 3482 675 3536 (l.
698 3481 761 3537 125.
784 3480 903 3545 muliane,
928 3477 1052 3532 mutiano
1074 3472 1165 3530 nitus
1224 3475 1233 3491 '

123 3553 234 3607 tectibus
251 3554 376 3607 Suetonio
393 3569 417 3605 c.
433 3552 478 3605 22.
495 3559 522 3605 et
539 3552 615 3604 Dion.
633 3553 705 3610 (lare
722 3551 795 3606 mbr.
811 3551 853 3605 lu
865 3561 894 3602 ca
911 3544 956 3601 21.
972 3541 1087 3600 Ducenio
1103 3543 1192 3613 adrtip

123 3625 170 3675 tur'
186 3623 324 3676 Marsorum
340 3623 368 3676 in
384 3621 437 3677 vtt.
454 3618 560 3675 Horatii
577 3618 611 3676 ad
627 3635 652 3674 a.
672 3623 705 3675 lJ.
723 3618 832 3677 (1715.
854 3634 881 3686 p.
898 3616 969 3681 lea..
993 3630 1043 3669 nec
1060 3610 1128 3698 milri
1146 3613 1258 3668 videtur

123 3689 314 3758 improbabile,
331 3693 403 3746 baud
420 3692 500 3760 longe
516 3696 574 3759 port
591 3690 738 3761 glorimunr
753 3689 830 3744 illum
847 3682 1121 3741 &nauseantium
1137 3695 1172 3737 er
1188 3683 1258 3739 Αιίι

123 3760 240 3814 reditum
257 3779 274 3815 a
291 3762 444 3817 Maecenate
459 3768 585 3831 rogatum
602 3776 659 3814 erre
675 3762 802 3825 Paetum,
829 3762 860 3811 ut
881 3753 955 3810 iilius
971 3769 1014 3809 rea
1029 3760 1117 3824 gestat
1133 3753 1259 3807 carmine

124 3826 292 3883 describeret.
332 3831 444 3884 Ducenio
468 3835 557 3884 autern
586 3828 720 3899 opinanti,
748 3830 818 3882 bane
838 3822 925 3880 ouem
947 3838 1005 3876 com
1041 3823 1119 3876 altam
1143 3838 1203 3875 erre
1226 3820 1272 3877 ia'

124 3898 232 3968 nuptiae
249 3900 410 3956 Maecenatis
430 3904 457 3952 et
471 3898 629 3963 Terentiae,
650 3916 702 3952 uon
724 3900 795 3952 mala
819 3894 929 3965 opponit
951 3895 995 3978 ⁰⁰.
1015 3891 1108 3977 ‘bello
1133 3889 1259 3948 1¹an.

124 3983 153 4090 q.
170 3967 230 4022 118.
247 3968 380 4038 primum,
410 3968 434 4023 rl
450 3969 489 4024 ita
505 3969 676 4035 rehaberet,
704 3969 883 4022 blaeceuatem
899 3961 997 4034 potiora
1009 3979 1071 4028 Juro
1086 3961 1259 4045 anemurium

140 4036 209 4091 uisse
226 4039 392 4093 recudenda
416 4038 547 4092 bellorum
571 4043 598 4091 et
620 4036 794 4093 victoriarum
817 4032 938 4089 caeraris
961 4030 1101 4085 Octaviani
1121 4028 1260 4094 butorlaa
1357 4098 1360 4103 Ι

126 4106 220 4161 binde
235 4113 318 4177 negat
334 4108 462 4163 credibile
478 4125 549 4175 ease,
578 4107 775 4174 Muennatem,
799 4105 848 4160 illo
871 4118 940 4157 auno
956 4099 1063 4155 nauiter
1076 4099 1261 4184 quadraginin

126 4182 217 4232 aam'
232 4183 339 4246 ndum,
367 4194 477 4235 uxorem
499 4175 621 4246 caune.
647 4194 729 4249 quam
752 4172 928 4233 hauddubie
949 4171 1034 4227 mun
1050 4177 1112 4226 ean
1134 4168 1190 4227 aua
1207 4170 1261 4228 atl-

124 4244 252 4315 tmere
