2768 4838
435 329 499 382 na
545 331 745 385 aaarao
781 330 965 385 naara
1202 308 1256 385 01

136 481 221 559 250.
272 485 455 556 Burmann.
473 484 551 557 Sec.
571 483 617 552 ad
638 483 777 559 Anthoi
796 484 873 560 Lat
894 486 973 557 Voi
989 484 1084 578 iip.
1097 478 1186 558 150.
1200 525 1257 547 -

135 591 224 660 Cum
238 612 324 659 vers.
347 588 381 658 3.
398 590 491 659 idem
511 589 572 657 Vir
591 587 721 658 Doctus
743 598 917 682 comparat
935 588 1078 659 Homeri
1094 587 1192 660 iliad.
1211 589 1252 667 Ι1.

133 690 194 762 40.
211 683 305 785 Vir'g.
325 693 410 761 Aen
425 692 483 760 lV.
499 689 583 761 140.
601 698 634 758 et
652 689 687 764 h.
710 714 846 761 versum
861 692 1042 765 Horatiol
1059 690 1117 760 oti
1136 692 1198 767 22.
1217 691 1253 767 0.

131 818 241 885 aequo
257 819 297 864 ac
312 795 395 864 Silio
406 796 483 863 ltai.
492 796 609 865 Punic.
624 792 698 866 vn.
708 791 785 864 445
800 794 1014 865 obversatum
1029 794 1256 886 opinatur.-

132 897 228 966 Vers.
243 896 279 969 4.
298 898 433 967 retinnit
456 897 631 979 Santonius
653 899 852 989 scripturam
866 898 985 973 Venet.
1008 907 1043 966 et
1061 897 1140 967 Ala
1154 899 1262 973 deta·

130 1022 202 1094 ge,
221 1002 389 1092 probante
404 1000 581 1093 Lennepio
601 999 635 1067 in
648 1000 810 1075 addend.
826 1000 873 1070 ad
890 1000 1080 1071 Terentina.
1096 1023 1133 1094 p.
1146 998 1255 1091 4³94

132 1112 251 1173 contra
264 1103 394 1173 Marias
410 1104 598 1173 Victorinus
622 1101 763 1196 dirige,
787 1105 836 1173 uti
850 1104 1065 1174 Hernranuus
1088 1113 1124 1173 et
1139 1102 1254 1177 osan·

130 1220 203 1275 nus.
253 1205 446 1295 Utramque
466 1207 610 1276 formam
623 1228 645 1272 a
664 1216 743 1275 vett
755 1207 947 1299 promiscuo
959 1215 1154 1298 usurpatam
1172 1231 1255 1279 oen-

131 1319 185 1377 aet
194 1308 451 1379 Drakenborch
474 1310 591 1379 adsit
614 1308 686 1380 ltat
701 1308 762 1378 IV.
782 1307 870 1378 ot8.
895 1309 998 1379 Hunc
1013 1332 1148 1379 versum
1165 1311 1253 1385 lint

130 1411 316 1493 Andronici
331 1413 464 1481 nomine
476 1412 598 1482 Uiitias
618 1411 665 1479 ad
686 1411 796 1481 Gratii
815 1410 937 1481 Falisc.
954 1411 1087 1504 Cynog.
1111 1434 1144 1493 u.
1164 1410 1252 1483 200.

129 1514 166 1585 in
178 1512 363 1583 Burmanni
376 1515 469 1599 1³21,
483 1514 535 1588 M
556 1515 601 1586 Τ.
614 1513 640 1583 1.
652 1538 689 1606 p.
705 1513 791 1583 111.
807 1515 853 1584 ita
866 1513 983 1585 affert:
1006 1513 1143 1606 Dirige
1163 1515 1252 1587 aaa·

129 1617 287 1709 rieeqaos
310 1617 364 1686 ad
389 1640 500 1688 caeca
525 1616 657 1687 cubilia
681 1639 806 1688 canes:
837 1641 906 1709 quo
928 1640 984 1710 ap.
1007 1616 1162 1687 Gratiam
1191 1638 1252 1689 oo·

116 1720 260 1809 ·ortltos,
286 1743 370 1812 quos
392 1721 493 1814 signis
515 1729 635 1814 arguat
650 1721 757 1808 canis,
782 1721 899 1791 hostes
910 1721 1060 1790 illustret.
1111 1719 1253 1793 Videtur
1350 1770 1354 1775 -

129 1821 252 1892 Ulitius
268 1824 441 1916 amplexus
458 1847 532 1893 esse
546 1823 775 1915 conjecturam
786 1824 902 1910 Italrii,
923 1825 980 1916 qui
994 1822 1212 1918 insyntagna
1225 1822 1254 1898 1.

127 1949 166 2018 p.
157 1922 267 1998 doz.
290 1949 357 2018 pro
376 1933 479 1996 certa
498 1926 615 1995 maluit
638 1948 749 1996 caeca
774 1926 917 1997 cubilia.
966 1926 1148 2019 vulgatura
1170 1948 1254 1997 vero

127 2037 242 2151 tuetur
262 2029 480 2100 LucretinsL
506 2025 593 2098 405.
619 2027 787 2122 Namque
807 2051 933 2117 cenes,
965 2035 1006 2097 at
1021 2030 1254 2124 montivagae

125 2108 306 2247 persqepe
319 2130 597 2227 ιιιιιιιὶΝιιιὶιιιιιι
621 2133 816 2221 innatant,
840 2128 976 2224 irp'eotia
985 2129 1147 2226 frande,
1173 2133 1253 2228 qai·

130 2236 234 2319 ates,
257 2232 372 2330 Quom
396 2237 508 2305 semei
528 2234 725 2305 institerant
756 2236 912 2328 vestigia
937 2241 1038 2303 certa
1060 2235 1156 2317 viai,·
1193 2234 1254 2306 ubi

126 2344 244 2405 tantan
265 2337 497 2407 Wakefieldus
523 2337 658 2409 huuc
648 2360 759 2431 rpsnm
780 2338 868 2407 livii
887 2335 1102 2425 Andronici,
1113 2347 1161 2407 ιιι
1195 2338 1253 2426 ait,

126 2462 264 2509 versum
279 2440 493 2511 scribendum
506 2439 659 2536 judicat:
683 2440 820 2534 Dirige
832 2440 1058 2531 odorisequoe
1080 2438 1134 2509 ad
1156 2440 1253 2511 tecta

126 2540 262 2611 cubilia
287 2565 414 2630 canes,
447 2567 507 2614 seu
530 2565 642 2614 caeca
668 2543 817 2632 mabilia,
848 2553 886 2613 ut
905 2543 1090 2612 Lucretius·
1107 2562 1141 2616 r.
1162 2540 1251 2615 400.

128 2667 260 2715 caecae
273 2645 441 2716 latebras.
492 2649 620 2717 Neutra
635 2670 721 2740 opus
737 2657 789 2717 est
802 2646 1019 2716 correctione.
1070 2644 1253 2738 Vulgarum

128 2747 281 2817 defendit
296 2750 490 2821 Gronovius
514 2752 549 2821 in
561 2751 666 2820 Dian.
682 2752 767 2820 stat
780 2750 857 2819 Lin
870 2749 914 2818 11.
931 2747 965 2816 l.
991 2771 1027 2841 p.
1042 2743 1128 2818 151.
1154 2759 1190 2818 et
1212 2748 1249 2821 la

127 2871 274 2939 versum,
299 2876 402 2943 quem
413 2854 538 2946 pariter
551 2854 638 2922 Livii
651 2852 834 2922 Andronici
847 2875 920 2921 esse
934 2850 1024 2940 dicit,
1048 2874 1113 2944 per
1123 2851 1252 2945 hypal-

101 3000 105 3010 ·
128 2953 232 3046 ingen
259 2958 419 3048 explicat:
445 2965 560 3026 certos
576 2963 611 3025 et
629 2978 698 3025 non
708 2954 832 3051 sabos
855 2954 975 3024 odoris
996 2976 1103 3025 canes
1119 2955 1171 3024 aa
1188 2977 1252 3024 ea·

125 3054 218 3125 liiiio
246 3058 399 3152 diriget·
419 3083 522 3150 quam
548 3058 684 3151 quidem
704 3059 916 3152 hypallagen
945 3058 1065 3126 merito
1097 3057 1251 3151 rejiciens

127 3158 283 3229 nannius
300 3168 401 3231 certa
422 3165 543 3232 cubilia
559 3173 650 3232 reete
670 3162 907 3254 interpretatur
924 3182 993 3228 non
1005 3158 1136 3243 dabie,
1162 3181 1251 3251 quae

128 3285 229 3333 canes
245 3264 464 3356 odorisequos
476 3291 545 3336 non
558 3267 684 3337 fallant.
732 3266 847 3353 Haec,
871 3272 911 3334 ut
928 3262 1079 3348 uidetur,
1104 3262 1252 3333 latebant

126 3360 412 3460 Peerlkampinm,
438 3372 492 3439 cui
508 3372 608 3438 etiam
625 3370 659 3437 in
673 3368 741 3438 hoc
761 3368 888 3459 antiqui
907 3375 1032 3459 poetae
1044 3363 1252 3458 Fragmenta
1273 3406 1276 3412 ·

126 3465 195 3563 pro
217 3470 268 3538 ad
289 3480 389 3541 certa
412 3462 544 3543 mabilia
562 3473 736 3566 placebata
761 3478 901 3543 acereta
915 3466 1056 3539 cubilia
1107 3469 1252 3537 Namet

126 3572 328 3662 verborum,
358 3576 479 3666 inquit,
513 3576 730 3663 constructio,
756 3576 878 3645 omissa
898 3570 1165 3664 praepositione,
1200 3579 1252 3641 cst

127 3675 304 3767 antiquior,
316 3702 428 3769 neque
442 3681 564 3761 cubilia
577 3680 724 3751 ferarum
735 3688 814 3756 sunt
826 3676 914 3747 adeo
928 3679 1039 3757 certa,
1049 3696 1137 3765 quae
1150 3674 1251 3746 ctiam

125 3800 151 3847 ι
168 3780 305 3849 cunibus
320 3781 426 3851 odore
443 3785 558 3875 quaeri
573 3782 728 3853 debeant.
780 3779 911 3849 Eximio
924 3776 993 3847 lano
1013 3776 1096 3847 facit
1108 3778 1167 3849 Sii.
1178 3778 1263 3857 int

120 3880 172 3954 X.
186 3879 248 3952 81.
274 3881 354 3953 Nec
365 3886 456 3954 sistit
469 3887 537 3956 nisi
550 3891 755 3976 conceptam
767 3889 922 3953 sectatae
931 3879 1077 3950 odorem
1083 3880 1251 3974 Depren-

125 3982 184 4053 dit
193 3986 315 4077 apiaria
334 4006 474 4061 arcana
489 3988 620 4061 ortbilia
636 3987 763 4068 damis,
789 3995 824 4057 et
836 3985 974 4071 Vanus
973 3982 1094 4076 cqius
1108 3983 1251 4053 nonnul-

126 4086 178 4157 los
192 4110 308 4159 versus
322 4091 673 4161 servavitMacrobius
694 4089 801 4160 L..Vl
827 4033 992 4159 saturnii
1014 4085 1146 4178 Capi.
1177 4086 1253 4187 Cea

65 4270 69 4274 ⁴
126 4191 229 4260 cano
244 4191 448 4264 umbrosum
467 4196 623 4265 lustrans
643 4192 818 4284 Gortynia
833 4192 981 4278 vallem,
1006 4187 1168 4258 Aethera
1179 4180 1252 4283 per

125 4293 280 4367 natam
296 4303 419 4371 tenues
437 4305 595 4372 ceantur
607 4297 745 4373 adorea
794 4290 1209 4464 EJusdemssugiqnitatis
1198 4314 1251 4363 rn-
