<?xml version="1.0" encoding="UTF-8"?>
<!DOCTYPE html PUBLIC "-//W3C//DTD XHTML 1.0 Transitional//EN"
    "http://www.w3.org/TR/xhtml1/DTD/xhtml1-transitional.dtd">
<html xmlns="http://www.w3.org/1999/xhtml" xml:lang="en" lang="en">
 <head>
  <title>
</title>
<meta http-equiv="Content-Type" content="text/html;charset=utf-8" />
  <meta name='ocr-system' content='tesseract 3.04.00' />
  <meta name='ocr-capabilities' content='ocr_page ocr_carea ocr_par ocr_line ocrx_word'/>
</head>
<body>
  <div class='ocr_page' id='page_1' title='image "./poetarumlatinor01weicgoog_0233.png"; bbox 0 0 2768 4838; ppageno 0'>
   <div class='ocr_carea' id='block_1_1' title="bbox 147 216 1020 305">
    <p class='ocr_par' dir='ltr' id='par_1_1' title="bbox 147 216 1020 305">
     <span class='ocr_line' id='line_1_1' title="bbox 147 216 1020 305; baseline -0.013 -7"><span class='ocrx_word' id='word_1_1' title='bbox 147 217 230 305; x_wconf 73' lang='lat' dir='ltr'><strong>tle,</strong></span> <span class='ocrx_word' id='word_1_2' title='bbox 396 240 454 295; x_wconf 82' lang='lat' dir='ltr'><strong>ou</strong></span> <span class='ocrx_word' id='word_1_3' title='bbox 477 216 704 299; x_wconf 70' lang='lat' dir='ltr'><strong>arcuato</strong></span> <span class='ocrx_word' id='word_1_4' title='bbox 728 237 837 289; x_wconf 82' lang='lat' dir='ltr'><strong>auro</strong></span> <span class='ocrx_word' id='word_1_5' title='bbox 862 235 1020 288; x_wconf 79' lang='lat' dir='ltr'><strong>sorra.</strong></span> 
     </span>
    </p>
   </div>
   <div class='ocr_carea' id='block_1_2' title="bbox 101 382 1357 2843">
    <p class='ocr_par' dir='ltr' id='par_1_2' title="bbox 101 382 1357 2843">
     <span class='ocr_line' id='line_1_2' title="bbox 149 382 1264 484; baseline -0.006 -22"><span class='ocrx_word' id='word_1_6' title='bbox 149 387 312 484; x_wconf 72' lang='lat' dir='ltr'><strong>Augusti,</strong></span> <span class='ocrx_word' id='word_1_7' title='bbox 337 386 559 461; x_wconf 87' lang='lat' dir='ltr'><strong>litteratissimi</strong></span> <span class='ocrx_word' id='word_1_8' title='bbox 573 386 750 481; x_wconf 88' lang='lat' dir='ltr'><strong>principis,</strong></span> <span class='ocrx_word' id='word_1_9' title='bbox 769 387 863 456; x_wconf 87' lang='lat' dir='ltr'><strong>velut</strong></span> <span class='ocrx_word' id='word_1_10' title='bbox 876 384 1030 478; x_wconf 72' lang='lat' dir='ltr'><strong>auspiciis</strong></span> <span class='ocrx_word' id='word_1_11' title='bbox 1044 382 1166 454; x_wconf 87' lang='lat' dir='ltr'><strong>llorere</strong></span> <span class='ocrx_word' id='word_1_12' title='bbox 1179 407 1264 455; x_wconf 88' lang='lat' dir='ltr'><strong>coe-</strong></span> 
     </span>
     <span class='ocr_line' id='line_1_3' title="bbox 149 488 1265 589; baseline -0.004 -27"><span class='ocrx_word' id='word_1_13' title='bbox 149 502 290 589; x_wconf 85' lang='lat' dir='ltr'><strong>perant,</strong></span> <span class='ocrx_word' id='word_1_14' title='bbox 316 492 378 561; x_wconf 83' lang='lat' dir='ltr'><strong>arti</strong></span> <span class='ocrx_word' id='word_1_15' title='bbox 390 493 546 585; x_wconf 77' lang='lat' dir='ltr'><strong>poeticae</strong></span> <span class='ocrx_word' id='word_1_16' title='bbox 559 490 749 583; x_wconf 67' lang='lat' dir='ltr'><strong>operam‘ac</strong></span> <span class='ocrx_word' id='word_1_17' title='bbox 763 489 908 559; x_wconf 91' lang='lat' dir='ltr'><strong>studium</strong></span> <span class='ocrx_word' id='word_1_18' title='bbox 920 488 1175 582; x_wconf 76' lang='lat' dir='ltr'><strong>impendebant,</strong></span> <span class='ocrx_word' id='word_1_19' title='bbox 1194 511 1265 557; x_wconf 89' lang='lat' dir='ltr'><strong>nou</strong></span> 
     </span>
     <span class='ocr_line' id='line_1_4' title="bbox 151 592 1267 687; baseline -0.006 -22"><span class='ocrx_word' id='word_1_20' title='bbox 151 619 219 687; x_wconf 92' lang='lat' dir='ltr'><strong>quo</strong></span> <span class='ocrx_word' id='word_1_21' title='bbox 232 595 296 687; x_wconf 88' lang='lat' dir='ltr'><strong>ipsi</strong></span> <span class='ocrx_word' id='word_1_22' title='bbox 309 595 461 663; x_wconf 77' lang='lat' dir='ltr'><strong>audirent</strong></span> <span class='ocrx_word' id='word_1_23' title='bbox 472 603 596 687; x_wconf 89' lang='lat' dir='ltr'><strong>poetae</strong></span> <span class='ocrx_word' id='word_1_24' title='bbox 607 603 665 662; x_wconf 90' lang='lat' dir='ltr'><strong>aut</strong></span> <span class='ocrx_word' id='word_1_25' title='bbox 675 593 805 687; x_wconf 75' lang='lat' dir='ltr'><strong>Virgilii</strong></span> <span class='ocrx_word' id='word_1_26' title='bbox 816 592 1017 683; x_wconf 87' lang='lat' dir='ltr'><strong>Horatiique</strong></span> <span class='ocrx_word' id='word_1_27' title='bbox 1028 592 1267 683; x_wconf 81' lang='lat' dir='ltr'><strong>praestantiam</strong></span> 
     </span>
     <span class='ocr_line' id='line_1_5' title="bbox 152 694 1267 792; baseline -0.008 -21"><span class='ocrx_word' id='word_1_28' title='bbox 152 709 187 771; x_wconf 87' lang='lat' dir='ltr'><strong>et</strong></span> <span class='ocrx_word' id='word_1_29' title='bbox 206 697 350 792; x_wconf 82' lang='lat' dir='ltr'><strong>gloriam</strong></span> <span class='ocrx_word' id='word_1_30' title='bbox 371 696 587 784; x_wconf 85' lang='lat' dir='ltr'><strong>affectarent,</strong></span> <span class='ocrx_word' id='word_1_31' title='bbox 614 695 677 765; x_wconf 86' lang='lat' dir='ltr'><strong>sed</strong></span> <span class='ocrx_word' id='word_1_32' title='bbox 698 705 736 764; x_wconf 95' lang='lat' dir='ltr'><strong>ut</strong></span> <span class='ocrx_word' id='word_1_33' title='bbox 749 696 935 788; x_wconf 81' lang='lat' dir='ltr'><strong>elegantiae</strong></span> <span class='ocrx_word' id='word_1_34' title='bbox 951 703 986 763; x_wconf 91' lang='lat' dir='ltr'><strong>et</strong></span> <span class='ocrx_word' id='word_1_35' title='bbox 1004 694 1267 767; x_wconf 81' lang='lat' dir='ltr'><strong>doctrinaelau-</strong></span> 
     </span>
     <span class='ocr_line' id='line_1_6' title="bbox 152 796 1268 891; baseline -0.007 -19"><span class='ocrx_word' id='word_1_36' title='bbox 152 802 233 872; x_wconf 82' lang='lat' dir='ltr'><strong>dem</strong></span> <span class='ocrx_word' id='word_1_37' title='bbox 252 800 331 869; x_wconf 88' lang='lat' dir='ltr'><strong>inde</strong></span> <span class='ocrx_word' id='word_1_38' title='bbox 354 807 641 882; x_wconf 83' lang='lat' dir='ltr'><strong>consectarentur3</strong></span> <span class='ocrx_word' id='word_1_39' title='bbox 666 799 713 866; x_wconf 87' lang='lat' dir='ltr'><strong>ita</strong></span> <span class='ocrx_word' id='word_1_40' title='bbox 735 801 835 867; x_wconf 89' lang='lat' dir='ltr'><strong>etiam</strong></span> <span class='ocrx_word' id='word_1_41' title='bbox 854 797 1012 891; x_wconf 74' lang='lat' dir='ltr'><strong>Valgius,</strong></span> <span class='ocrx_word' id='word_1_42' title='bbox 1037 806 1155 889; x_wconf 85' lang='lat' dir='ltr'><strong>utpote</strong></span> <span class='ocrx_word' id='word_1_43' title='bbox 1173 796 1268 865; x_wconf 92' lang='lat' dir='ltr'><strong>docti</strong></span> 
     </span>
     <span class='ocr_line' id='line_1_7' title="bbox 152 900 1269 997; baseline -0.01 -20"><span class='ocrx_word' id='word_1_44' title='bbox 152 904 381 997; x_wconf 81' lang='lat' dir='ltr'><strong>elegantisque</strong></span> <span class='ocrx_word' id='word_1_45' title='bbox 400 903 524 995; x_wconf 82' lang='lat' dir='ltr'><strong>ingenii</strong></span> <span class='ocrx_word' id='word_1_46' title='bbox 546 900 613 988; x_wconf 81' lang='lat' dir='ltr'><strong>vir,</strong></span> <span class='ocrx_word' id='word_1_47' title='bbox 646 901 772 987; x_wconf 88' lang='lat' dir='ltr'><strong>otiosus</strong></span> <span class='ocrx_word' id='word_1_48' title='bbox 791 910 828 970; x_wconf 94' lang='lat' dir='ltr'><strong>et</strong></span> <span class='ocrx_word' id='word_1_49' title='bbox 848 901 947 970; x_wconf 91' lang='lat' dir='ltr'><strong>animi</strong></span> <span class='ocrx_word' id='word_1_50' title='bbox 968 923 1085 968; x_wconf 84' lang='lat' dir='ltr'><strong>caussa</strong></span> <span class='ocrx_word' id='word_1_51' title='bbox 1107 911 1269 991; x_wconf 87' lang='lat' dir='ltr'><strong>poemata</strong></span> 
     </span>
     <span class='ocr_line' id='line_1_8' title="bbox 153 994 1270 1100; baseline -0.004 -26"><span class='ocrx_word' id='word_1_52' title='bbox 153 1007 343 1100; x_wconf 73' lang='lat' dir='ltr'><strong>scripsisse,</strong></span> <span class='ocrx_word' id='word_1_53' title='bbox 370 1005 431 1074; x_wconf 82' lang='lat' dir='ltr'><strong>sed</strong></span> <span class='ocrx_word' id='word_1_54' title='bbox 451 1012 559 1073; x_wconf 78' lang='lat' dir='ltr'><strong>aetate</strong></span> <span class='ocrx_word' id='word_1_55' title='bbox 574 1002 761 1097; x_wconf 86' lang='lat' dir='ltr'><strong>¹provectus</strong></span> <span class='ocrx_word' id='word_1_56' title='bbox 775 1013 809 1073; x_wconf 90' lang='lat' dir='ltr'><strong>et</strong></span> <span class='ocrx_word' id='word_1_57' title='bbox 825 1003 1017 1073; x_wconf 88' lang='lat' dir='ltr'><strong>muneribus</strong></span> <span class='ocrx_word' id='word_1_58' title='bbox 1039 994 1182 1096; x_wconf 91' lang='lat' dir='ltr'><strong>publicis</strong></span> <span class='ocrx_word' id='word_1_59' title='bbox 1203 1001 1270 1070; x_wconf 85' lang='lat' dir='ltr'><strong>ad·</strong></span> 
     </span>
     <span class='ocr_line' id='line_1_9' title="bbox 153 1106 1270 1197; baseline -0.001 -19"><span class='ocrx_word' id='word_1_60' title='bbox 153 1121 264 1187; x_wconf 82' lang='lat' dir='ltr'><strong>motus</strong></span> <span class='ocrx_word' id='word_1_61' title='bbox 278 1106 331 1177; x_wconf 88' lang='lat' dir='ltr'><strong>his</strong></span> <span class='ocrx_word' id='word_1_62' title='bbox 349 1107 463 1177; x_wconf 88' lang='lat' dir='ltr'><strong>studiis</strong></span> <span class='ocrx_word' id='word_1_63' title='bbox 481 1109 508 1176; x_wconf 90' lang='lat' dir='ltr'><strong>si</strong></span> <span class='ocrx_word' id='word_1_64' title='bbox 529 1130 596 1175; x_wconf 93' lang='lat' dir='ltr'><strong>non</strong></span> <span class='ocrx_word' id='word_1_65' title='bbox 607 1107 823 1194; x_wconf 81' lang='lat' dir='ltr'><strong>valedixisse,</strong></span> <span class='ocrx_word' id='word_1_66' title='bbox 850 1130 891 1175; x_wconf 91' lang='lat' dir='ltr'><strong>ea</strong></span> <span class='ocrx_word' id='word_1_67' title='bbox 905 1116 997 1177; x_wconf 89' lang='lat' dir='ltr'><strong>certe</strong></span> <span class='ocrx_word' id='word_1_68' title='bbox 1014 1106 1061 1173; x_wconf 90' lang='lat' dir='ltr'><strong>ita</strong></span> <span class='ocrx_word' id='word_1_69' title='bbox 1080 1106 1270 1197; x_wconf 84' lang='lat' dir='ltr'><strong>neglexisse</strong></span> 
     </span>
     <span class='ocr_line' id='line_1_10' title="bbox 154 1209 1357 1301; baseline -0.004 -20"><span class='ocrx_word' id='word_1_70' title='bbox 154 1212 305 1297; x_wconf 88' lang='lat' dir='ltr'><strong>videtur,</strong></span> <span class='ocrx_word' id='word_1_71' title='bbox 336 1220 390 1297; x_wconf 93' lang='lat' dir='ltr'><strong>ut,</strong></span> <span class='ocrx_word' id='word_1_72' title='bbox 423 1211 451 1279; x_wconf 89' lang='lat' dir='ltr'><strong>si</strong></span> <span class='ocrx_word' id='word_1_73' title='bbox 472 1234 575 1300; x_wconf 89' lang='lat' dir='ltr'><strong>quam</strong></span> <span class='ocrx_word' id='word_1_74' title='bbox 605 1209 740 1279; x_wconf 92' lang='lat' dir='ltr'><strong>laudem</strong></span> <span class='ocrx_word' id='word_1_75' title='bbox 768 1209 967 1278; x_wconf 76' lang='lat' dir='ltr'><strong>carminibus</strong></span> <span class='ocrx_word' id='word_1_76' title='bbox 989 1209 1052 1278; x_wconf 90' lang='lat' dir='ltr'><strong>sibi</strong></span> <span class='ocrx_word' id='word_1_77' title='bbox 1076 1217 1270 1301; x_wconf 82' lang='lat' dir='ltr'><strong>pepererat,</strong></span> <span class='ocrx_word' id='word_1_78' title='bbox 1349 1238 1357 1247; x_wconf 71' lang='lat'><strong><em>¹</em></strong></span> 
     </span>
     <span class='ocr_line' id='line_1_11' title="bbox 155 1312 1272 1406; baseline -0.004 -23"><span class='ocrx_word' id='word_1_79' title='bbox 155 1337 230 1383; x_wconf 89' lang='lat' dir='ltr'><strong>eam</strong></span> <span class='ocrx_word' id='word_1_80' title='bbox 256 1314 327 1383; x_wconf 84' lang='lat' dir='ltr'><strong>aliis</strong></span> <span class='ocrx_word' id='word_1_81' title='bbox 354 1315 549 1383; x_wconf 86' lang='lat' dir='ltr'><strong>obscuraret</strong></span> <span class='ocrx_word' id='word_1_82' title='bbox 574 1313 722 1406; x_wconf 89' lang='lat' dir='ltr'><strong>scriptis,</strong></span> <span class='ocrx_word' id='word_1_83' title='bbox 757 1335 901 1404; x_wconf 91' lang='lat' dir='ltr'><strong>quorum</strong></span> <span class='ocrx_word' id='word_1_84' title='bbox 921 1335 1033 1405; x_wconf 92' lang='lat' dir='ltr'><strong>paene</strong></span> <span class='ocrx_word' id='word_1_85' title='bbox 1063 1312 1272 1402; x_wconf 88' lang='lat' dir='ltr'><strong>frequentior</strong></span> 
     </span>
     <span class='ocr_line' id='line_1_12' title="bbox 101 1415 1273 1510; baseline 0 -25"><span class='ocrx_word' id='word_1_86' title='bbox 101 1429 102 1434; x_wconf 77' lang='grc'>’</span> <span class='ocrx_word' id='word_1_87' title='bbox 155 1415 248 1510; x_wconf 84' lang='lat' dir='ltr'><strong>apud</strong></span> <span class='ocrx_word' id='word_1_88' title='bbox 262 1416 441 1507; x_wconf 88' lang='lat' dir='ltr'><strong>scriptores</strong></span> <span class='ocrx_word' id='word_1_89' title='bbox 459 1426 590 1486; x_wconf 90' lang='lat' dir='ltr'><strong>veteres</strong></span> <span class='ocrx_word' id='word_1_90' title='bbox 611 1426 645 1483; x_wconf 91' lang='lat' dir='ltr'><strong>et</strong></span> <span class='ocrx_word' id='word_1_91' title='bbox 666 1415 911 1484; x_wconf 84' lang='lat' dir='ltr'><strong>Grammaticos</strong></span> <span class='ocrx_word' id='word_1_92' title='bbox 934 1418 973 1485; x_wconf 92' lang='lat' dir='ltr'><strong>lit</strong></span> <span class='ocrx_word' id='word_1_93' title='bbox 991 1416 1135 1502; x_wconf 89' lang='lat' dir='ltr'><strong>mentio,</strong></span> <span class='ocrx_word' id='word_1_94' title='bbox 1168 1436 1273 1506; x_wconf 86' lang='lat' dir='ltr'><strong>quam</strong></span> 
     </span>
     <span class='ocr_line' id='line_1_13' title="bbox 156 1515 1273 1612; baseline 0.002 -25"><span class='ocrx_word' id='word_1_95' title='bbox 156 1515 229 1612; x_wconf 83' lang='lat' dir='ltr'><strong>ejus</strong></span> <span class='ocrx_word' id='word_1_96' title='bbox 246 1518 440 1590; x_wconf 89' lang='lat' dir='ltr'><strong>carminum.</strong></span> <span class='ocrx_word' id='word_1_97' title='bbox 497 1520 587 1588; x_wconf 88' lang='lat' dir='ltr'><strong>Nam</strong></span> <span class='ocrx_word' id='word_1_98' title='bbox 606 1540 701 1607; x_wconf 91' lang='lat' dir='ltr'><strong>cum,</strong></span> <span class='ocrx_word' id='word_1_99' title='bbox 734 1541 821 1608; x_wconf 92' lang='lat' dir='ltr'><strong>quae</strong></span> <span class='ocrx_word' id='word_1_100' title='bbox 847 1518 919 1587; x_wconf 86' lang='lat' dir='ltr'><strong>Viri</strong></span> <span class='ocrx_word' id='word_1_101' title='bbox 946 1518 1047 1588; x_wconf 88' lang='lat' dir='ltr'><strong>Docti</strong></span> <span class='ocrx_word' id='word_1_102' title='bbox 1072 1518 1116 1585; x_wconf 92' lang='lat' dir='ltr'><strong>de</strong></span> <span class='ocrx_word' id='word_1_103' title='bbox 1138 1517 1273 1589; x_wconf 77' lang='lat' dir='ltr'><strong>duobus</strong></span> 
     </span>
     <span class='ocr_line' id='line_1_14' title="bbox 123 1616 1275 1714; baseline -0.002 -22"><span class='ocrx_word' id='word_1_104' title='bbox 123 1616 126 1621; x_wconf 70' lang='grc'><strong>’</strong></span> <span class='ocrx_word' id='word_1_105' title='bbox 155 1621 301 1714; x_wconf 79' lang='lat' dir='ltr'><strong>Valgiis,</strong></span> <span class='ocrx_word' id='word_1_106' title='bbox 318 1621 523 1710; x_wconf 87' lang='lat' dir='ltr'><strong>diversisque</strong></span> <span class='ocrx_word' id='word_1_107' title='bbox 536 1643 653 1688; x_wconf 91' lang='lat' dir='ltr'><strong>eorum</strong></span> <span class='ocrx_word' id='word_1_108' title='bbox 665 1622 938 1711; x_wconf 89' lang='lat' dir='ltr'><strong>praenominibus</strong></span> <span class='ocrx_word' id='word_1_109' title='bbox 954 1621 1182 1713; x_wconf 80' lang='lat' dir='ltr'><strong>disputarunt,</strong></span> <span class='ocrx_word' id='word_1_110' title='bbox 1202 1631 1275 1690; x_wconf 89' lang='lat' dir='ltr'><strong>tam</strong></span> 
     </span>
     <span class='ocr_line' id='line_1_15' title="bbox 156 1722 1275 1816; baseline -0.002 -22"><span class='ocrx_word' id='word_1_111' title='bbox 156 1725 316 1816; x_wconf 81' lang='lat' dir='ltr'><strong>ambigua</strong></span> <span class='ocrx_word' id='word_1_112' title='bbox 326 1725 391 1792; x_wconf 89' lang='lat' dir='ltr'><strong>sint</strong></span> <span class='ocrx_word' id='word_1_113' title='bbox 402 1746 513 1813; x_wconf 88' lang='lat' dir='ltr'><strong>neque</strong></span> <span class='ocrx_word' id='word_1_114' title='bbox 531 1722 601 1792; x_wconf 90' lang='lat' dir='ltr'><strong>ullo</strong></span> <span class='ocrx_word' id='word_1_115' title='bbox 624 1724 701 1792; x_wconf 73' lang='lat' dir='ltr'><strong>sads</strong></span> <span class='ocrx_word' id='word_1_116' title='bbox 718 1739 811 1792; x_wconf 89' lang='lat' dir='ltr'><strong>certo</strong></span> <span class='ocrx_word' id='word_1_117' title='bbox 832 1725 1034 1813; x_wconf 89' lang='lat' dir='ltr'><strong>antiquitatis</strong></span> <span class='ocrx_word' id='word_1_118' title='bbox 1057 1732 1275 1792; x_wconf 90' lang='lat' dir='ltr'><strong>monumento</strong></span> 
     </span>
     <span class='ocr_line' id='line_1_16' title="bbox 158 1825 1277 1920; baseline -0.003 -23"><span class='ocrx_word' id='word_1_119' title='bbox 158 1828 411 1908; x_wconf 83' lang='lat' dir='ltr'><strong>confirmentur3</strong></span> <span class='ocrx_word' id='word_1_120' title='bbox 442 1826 525 1894; x_wconf 89' lang='lat' dir='ltr'><strong>nihil</strong></span> <span class='ocrx_word' id='word_1_121' title='bbox 545 1825 720 1916; x_wconf 90' lang='lat' dir='ltr'><strong>equidem,</strong></span> <span class='ocrx_word' id='word_1_122' title='bbox 753 1827 946 1920; x_wconf 87' lang='lat' dir='ltr'><strong>ponderatis</strong></span> <span class='ocrx_word' id='word_1_123' title='bbox 971 1828 1138 1917; x_wconf 89' lang='lat' dir='ltr'><strong>utrimque</strong></span> <span class='ocrx_word' id='word_1_124' title='bbox 1168 1848 1277 1919; x_wconf 81' lang='lat' dir='ltr'><strong>argu-</strong></span> 
     </span>
     <span class='ocr_line' id='line_1_17' title="bbox 158 1927 1278 2021; baseline 0 -24"><span class='ocrx_word' id='word_1_125' title='bbox 158 1930 297 2018; x_wconf 80' lang='lat' dir='ltr'><strong>mentis,</strong></span> <span class='ocrx_word' id='word_1_126' title='bbox 322 1928 441 1997; x_wconf 93' lang='lat' dir='ltr'><strong>dubito</strong></span> <span class='ocrx_word' id='word_1_127' title='bbox 457 1928 679 2018; x_wconf 91' lang='lat' dir='ltr'><strong>contendere,</strong></span> <span class='ocrx_word' id='word_1_128' title='bbox 704 1951 774 1998; x_wconf 92' lang='lat' dir='ltr'><strong>non</strong></span> <span class='ocrx_word' id='word_1_129' title='bbox 794 1931 855 1999; x_wconf 89' lang='lat' dir='ltr'><strong>nisi</strong></span> <span class='ocrx_word' id='word_1_130' title='bbox 873 1952 976 1999; x_wconf 90' lang='lat' dir='ltr'><strong>unum</strong></span> <span class='ocrx_word' id='word_1_131' title='bbox 989 1930 1091 1998; x_wconf 88' lang='lat' dir='ltr'><strong>fuisse</strong></span> <span class='ocrx_word' id='word_1_132' title='bbox 1105 1927 1278 2021; x_wconf 80' lang='lat' dir='ltr'><strong>Valgium,</strong></span> 
     </span>
     <span class='ocr_line' id='line_1_18' title="bbox 160 2032 1279 2124; baseline 0 -24"><span class='ocrx_word' id='word_1_133' title='bbox 160 2033 219 2123; x_wconf 92' lang='lat' dir='ltr'><strong>qui</strong></span> <span class='ocrx_word' id='word_1_134' title='bbox 232 2032 389 2124; x_wconf 77' lang='lat' dir='ltr'><strong>Augusto</strong></span> <span class='ocrx_word' id='word_1_135' title='bbox 405 2033 592 2124; x_wconf 83' lang='lat' dir='ltr'><strong>imperante</strong></span> <span class='ocrx_word' id='word_1_136' title='bbox 609 2033 742 2099; x_wconf 90' lang='lat' dir='ltr'><strong>Romae</strong></span> <span class='ocrx_word' id='word_1_137' title='bbox 762 2033 929 2121; x_wconf 84' lang='lat' dir='ltr'><strong>floruerit,</strong></span> <span class='ocrx_word' id='word_1_138' title='bbox 956 2043 991 2102; x_wconf 88' lang='lat' dir='ltr'><strong>et</strong></span> <span class='ocrx_word' id='word_1_139' title='bbox 1012 2034 1143 2100; x_wconf 87' lang='lat' dir='ltr'><strong>vinctae</strong></span> <span class='ocrx_word' id='word_1_140' title='bbox 1164 2042 1199 2100; x_wconf 90' lang='lat' dir='ltr'><strong>et</strong></span> <span class='ocrx_word' id='word_1_141' title='bbox 1219 2055 1279 2100; x_wconf 90' lang='lat' dir='ltr'><strong>so-</strong></span> 
     </span>
     <span class='ocr_line' id='line_1_19' title="bbox 159 2135 1281 2227; baseline -0.001 -23"><span class='ocrx_word' id='word_1_142' title='bbox 159 2137 250 2204; x_wconf 89' lang='lat' dir='ltr'><strong>lutae</strong></span> <span class='ocrx_word' id='word_1_143' title='bbox 272 2135 428 2217; x_wconf 89' lang='lat' dir='ltr'><strong>orationis</strong></span> <span class='ocrx_word' id='word_1_144' title='bbox 449 2135 608 2226; x_wconf 90' lang='lat' dir='ltr'><strong>operibus</strong></span> <span class='ocrx_word' id='word_1_145' title='bbox 626 2135 773 2223; x_wconf 88' lang='lat' dir='ltr'><strong>aliquam</strong></span> <span class='ocrx_word' id='word_1_146' title='bbox 793 2135 920 2204; x_wconf 85' lang='lat' dir='ltr'><strong>famam</strong></span> <span class='ocrx_word' id='word_1_147' title='bbox 941 2135 1035 2227; x_wconf 92' lang='lat' dir='ltr'><strong>apud</strong></span> <span class='ocrx_word' id='word_1_148' title='bbox 1058 2136 1215 2225; x_wconf 87' lang='lat' dir='ltr'><strong>aequales</strong></span> <span class='ocrx_word' id='word_1_149' title='bbox 1243 2143 1281 2203; x_wconf 91' lang='lat' dir='ltr'><strong>et</strong></span> 
     </span>
     <span class='ocr_line' id='line_1_20' title="bbox 159 2237 1280 2331; baseline 0.001 -27"><span class='ocrx_word' id='word_1_150' title='bbox 159 2245 315 2331; x_wconf 87' lang='lat' dir='ltr'><strong>posteros</strong></span> <span class='ocrx_word' id='word_1_151' title='bbox 333 2247 530 2307; x_wconf 89' lang='lat' dir='ltr'><strong>consecutus</strong></span> <span class='ocrx_word' id='word_1_152' title='bbox 543 2237 601 2324; x_wconf 86' lang='lat' dir='ltr'><strong>sit,</strong></span> <span class='ocrx_word' id='word_1_153' title='bbox 627 2247 728 2328; x_wconf 88' lang='lat' dir='ltr'><strong>atque</strong></span> <span class='ocrx_word' id='word_1_154' title='bbox 752 2260 829 2306; x_wconf 92' lang='lat' dir='ltr'><strong>eum</strong></span> <span class='ocrx_word' id='word_1_155' title='bbox 853 2261 895 2307; x_wconf 85' lang='lat' dir='ltr'><strong>ex</strong></span> <span class='ocrx_word' id='word_1_156' title='bbox 919 2239 1119 2329; x_wconf 89' lang='lat' dir='ltr'><strong>scriptorum</strong></span> <span class='ocrx_word' id='word_1_157' title='bbox 1139 2238 1209 2305; x_wconf 91' lang='lat' dir='ltr'><strong>lide</strong></span> <span class='ocrx_word' id='word_1_158' title='bbox 1236 2259 1280 2305; x_wconf 86' lang='lat' dir='ltr'><strong>ac</strong></span> 
     </span>
     <span class='ocr_line' id='line_1_21' title="bbox 160 2336 1280 2434; baseline 0 -25"><span class='ocrx_word' id='word_1_159' title='bbox 160 2339 350 2429; x_wconf 85' lang='lat' dir='ltr'><strong>testimonio</strong></span> <span class='ocrx_word' id='word_1_160' title='bbox 378 2341 504 2411; x_wconf 89' lang='lat' dir='ltr'><strong>dictum</strong></span> <span class='ocrx_word' id='word_1_161' title='bbox 535 2340 637 2410; x_wconf 80' lang='lat' dir='ltr'><strong>luisse</strong></span> <span class='ocrx_word' id='word_1_162' title='bbox 668 2336 707 2410; x_wconf 80' lang='lat'><strong>0.</strong></span> <span class='ocrx_word' id='word_1_163' title='bbox 743 2340 921 2434; x_wconf 80' lang='lat' dir='ltr'><strong>Valgium</strong></span> <span class='ocrx_word' id='word_1_164' title='bbox 943 2339 1091 2433; x_wconf 76' lang='lat' dir='ltr'><strong>Rufum.</strong></span> <span class='ocrx_word' id='word_1_165' title='bbox 1157 2343 1280 2431; x_wconf 91' lang='lat' dir='ltr'><strong>Neque</strong></span> 
     </span>
     <span class='ocr_line' id='line_1_22' title="bbox 162 2438 1286 2538; baseline 0.001 -26"><span class='ocrx_word' id='word_1_166' title='bbox 162 2438 262 2512; x_wconf 83' lang='lat' dir='ltr'><strong>etiam</strong></span> <span class='ocrx_word' id='word_1_167' title='bbox 278 2442 461 2535; x_wconf 88' lang='lat' dir='ltr'><strong>quidquam</strong></span> <span class='ocrx_word' id='word_1_168' title='bbox 474 2466 538 2537; x_wconf 93' lang='lat' dir='ltr'><strong>per</strong></span> <span class='ocrx_word' id='word_1_169' title='bbox 555 2445 642 2511; x_wconf 85' lang='lat' dir='ltr'><strong>vitae</strong></span> <span class='ocrx_word' id='word_1_170' title='bbox 662 2452 796 2535; x_wconf 89' lang='lat' dir='ltr'><strong>tempus</strong></span> <span class='ocrx_word' id='word_1_171' title='bbox 813 2445 941 2532; x_wconf 91' lang='lat' dir='ltr'><strong>obstat,</strong></span> <span class='ocrx_word' id='word_1_172' title='bbox 968 2466 1036 2538; x_wconf 92' lang='lat' dir='ltr'><strong>quo</strong></span> <span class='ocrx_word' id='word_1_173' title='bbox 1056 2444 1163 2512; x_wconf 90' lang='lat' dir='ltr'><strong>minus</strong></span> <span class='ocrx_word' id='word_1_174' title='bbox 1182 2467 1286 2527; x_wconf 67' lang='lat' dir='ltr'><strong>eum-⁴</strong></span> 
     </span>
     <span class='ocr_line' id='line_1_23' title="bbox 163 2544 1281 2642; baseline 0 -28"><span class='ocrx_word' id='word_1_175' title='bbox 163 2544 243 2642; x_wconf 88' lang='lat' dir='ltr'><strong>dem</strong></span> <span class='ocrx_word' id='word_1_176' title='bbox 258 2569 288 2618; x_wconf 87' lang='lat' dir='ltr'><strong>a.</strong></span> <span class='ocrx_word' id='word_1_177' title='bbox 310 2544 357 2616; x_wconf 89' lang='lat' dir='ltr'><strong>U.</strong></span> <span class='ocrx_word' id='word_1_178' title='bbox 380 2545 420 2613; x_wconf 82' lang='lat' dir='ltr'><strong>C.</strong></span> <span class='ocrx_word' id='word_1_179' title='bbox 445 2544 534 2619; x_wconf 76' lang='lat'><strong>742.</strong></span> <span class='ocrx_word' id='word_1_180' title='bbox 562 2544 745 2613; x_wconf 85' lang='lat' dir='ltr'><strong>Consulem</strong></span> <span class='ocrx_word' id='word_1_181' title='bbox 766 2545 945 2615; x_wconf 87' lang='lat' dir='ltr'><strong>suffectum</strong></span> <span class='ocrx_word' id='word_1_182' title='bbox 967 2548 1069 2615; x_wconf 85' lang='lat' dir='ltr'><strong>luisse</strong></span> <span class='ocrx_word' id='word_1_183' title='bbox 1093 2547 1281 2637; x_wconf 85' lang='lat' dir='ltr'><strong>credamus,</strong></span> 
     </span>
     <span class='ocr_line' id='line_1_24' title="bbox 124 2646 1283 2742; baseline -0.001 -25"><span class='ocrx_word' id='word_1_184' title='bbox 124 2683 127 2688; x_wconf 96' lang='lat'>·</span> <span class='ocrx_word' id='word_1_185' title='bbox 164 2650 192 2717; x_wconf 91' lang='lat' dir='ltr'><strong>si</strong></span> <span class='ocrx_word' id='word_1_186' title='bbox 207 2648 345 2742; x_wconf 92' lang='lat' dir='ltr'><strong>quidem</strong></span> <span class='ocrx_word' id='word_1_187' title='bbox 359 2647 515 2740; x_wconf 84' lang='lat' dir='ltr'><strong>profecto</strong></span> <span class='ocrx_word' id='word_1_188' title='bbox 535 2646 667 2715; x_wconf 89' lang='lat' dir='ltr'><strong>Horatii</strong></span> <span class='ocrx_word' id='word_1_189' title='bbox 687 2647 952 2720; x_wconf 86' lang='lat' dir='ltr'><strong>Scholiastarum</strong></span> <span class='ocrx_word' id='word_1_190' title='bbox 970 2651 1194 2719; x_wconf 87' lang='lat' dir='ltr'><strong>testimonium</strong></span> <span class='ocrx_word' id='word_1_191' title='bbox 1214 2649 1283 2717; x_wconf 89' lang='lat' dir='ltr'><strong>hac</strong></span> 
     </span>
     <span class='ocr_line' id='line_1_25' title="bbox 113 2749 1356 2843; baseline 0.001 -24"><span class='ocrx_word' id='word_1_192' title='bbox 113 2776 116 2781; x_wconf 90' lang='lat'>·</span> <span class='ocrx_word' id='word_1_193' title='bbox 163 2752 201 2820; x_wconf 87' lang='lat' dir='ltr'><strong>in</strong></span> <span class='ocrx_word' id='word_1_194' title='bbox 215 2774 253 2818; x_wconf 92' lang='lat' dir='ltr'><strong>re</strong></span> <span class='ocrx_word' id='word_1_195' title='bbox 268 2750 372 2843; x_wconf 91' lang='lat' dir='ltr'><strong>pluris</strong></span> <span class='ocrx_word' id='word_1_196' title='bbox 390 2749 582 2818; x_wconf 84' lang='lat' dir='ltr'><strong>faciendum</strong></span> <span class='ocrx_word' id='word_1_197' title='bbox 597 2749 745 2839; x_wconf 89' lang='lat' dir='ltr'><strong>videtur,</strong></span> <span class='ocrx_word' id='word_1_198' title='bbox 772 2775 874 2842; x_wconf 88' lang='lat' dir='ltr'><strong>qnam</strong></span> <span class='ocrx_word' id='word_1_199' title='bbox 893 2753 955 2821; x_wconf 88' lang='lat' dir='ltr'><strong>ista</strong></span> <span class='ocrx_word' id='word_1_200' title='bbox 974 2752 1131 2822; x_wconf 70' lang='lat' dir='ltr'><strong>Wromm</strong></span> <span class='ocrx_word' id='word_1_201' title='bbox 1150 2754 1283 2821; x_wconf 79' lang='lat' dir='ltr'><strong>Docto·</strong></span> <span class='ocrx_word' id='word_1_202' title='bbox 1355 2756 1356 2759; x_wconf 72' lang='grc'>’</span> 
     </span>
    </p>
   </div>
   <div class='ocr_carea' id='block_1_3' title="bbox 164 2852 1285 2947">
    <p class='ocr_par' dir='ltr' id='par_1_3' title="bbox 164 2852 1285 2947">
     <span class='ocr_line' id='line_1_26' title="bbox 164 2852 1285 2947; baseline 0.004 -24"><span class='ocrx_word' id='word_1_203' title='bbox 164 2875 242 2923; x_wconf 87' lang='lat' dir='ltr'><strong>rum</strong></span> <span class='ocrx_word' id='word_1_204' title='bbox 257 2853 424 2947; x_wconf 89' lang='lat' dir='ltr'><strong>opinatio,</strong></span> <span class='ocrx_word' id='word_1_205' title='bbox 449 2876 552 2947; x_wconf 88' lang='lat' dir='ltr'><strong>quam</strong></span> <span class='ocrx_word' id='word_1_206' title='bbox 564 2852 687 2925; x_wconf 89' lang='lat' dir='ltr'><strong>idonea</strong></span> <span class='ocrx_word' id='word_1_207' title='bbox 705 2855 902 2929; x_wconf 83' lang='lat' dir='ltr'><strong>auctoritate</strong></span> <span class='ocrx_word' id='word_1_208' title='bbox 923 2855 1115 2930; x_wconf 87' lang='lat' dir='ltr'><strong>destitutam</strong></span> <span class='ocrx_word' id='word_1_209' title='bbox 1133 2879 1207 2928; x_wconf 89' lang='lat' dir='ltr'><strong>esse</strong></span> <span class='ocrx_word' id='word_1_210' title='bbox 1230 2855 1285 2927; x_wconf 88' lang='lat' dir='ltr'><strong>vi-</strong></span> 
     </span>
    </p>
   </div>
   <div class='ocr_carea' id='block_1_4' title="bbox 104 2955 424 3066">
    <p class='ocr_par' dir='ltr' id='par_1_4' title="bbox 104 2955 424 3066">
     <span class='ocr_line' id='line_1_27' title="bbox 104 2955 424 3066; baseline 0.006 -39"><span class='ocrx_word' id='word_1_211' title='bbox 104 2955 424 3066; x_wconf 55' lang='lat' dir='ltr'><strong>difflua..</strong></span> 
     </span>
    </p>
   </div>
   <div class='ocr_carea' id='block_1_5' title="bbox 609 3103 863 3208">
    <p class='ocr_par' dir='ltr' id='par_1_5' title="bbox 609 3103 863 3208">
     <span class='ocr_line' id='line_1_28' title="bbox 609 3103 863 3208; baseline 0.012 -94"><span class='ocrx_word' id='word_1_212' title='bbox 609 3103 863 3208; x_wconf 55' lang='grc' dir='ltr'><strong>Μ.</strong></span> 
     </span>
    </p>
   </div>
   <div class='ocr_carea' id='block_1_6' title="bbox 169 3258 1293 4286">
    <p class='ocr_par' dir='ltr' id='par_1_6' title="bbox 169 3258 1293 4286">
     <span class='ocr_line' id='line_1_29' title="bbox 194 3258 1286 3357; baseline -0.003 -24"><span class='ocrx_word' id='word_1_213' title='bbox 194 3316 205 3333; x_wconf 88' lang='grc'><strong>..</strong></span> <span class='ocrx_word' id='word_1_214' title='bbox 273 3258 362 3332; x_wconf 86' lang='lat' dir='ltr'><strong>Cum</strong></span> <span class='ocrx_word' id='word_1_215' title='bbox 377 3263 435 3351; x_wconf 85' lang='lat' dir='ltr'><strong>eis,</strong></span> <span class='ocrx_word' id='word_1_216' title='bbox 461 3286 549 3356; x_wconf 89' lang='lat' dir='ltr'><strong>quae</strong></span> <span class='ocrx_word' id='word_1_217' title='bbox 562 3263 607 3335; x_wconf 91' lang='lat' dir='ltr'><strong>de</strong></span> <span class='ocrx_word' id='word_1_218' title='bbox 620 3262 660 3337; x_wconf 86' lang='lat' dir='ltr'><strong>G.</strong></span> <span class='ocrx_word' id='word_1_219' title='bbox 674 3262 797 3357; x_wconf 82' lang='lat' dir='ltr'><strong>Valgio</strong></span> <span class='ocrx_word' id='word_1_220' title='bbox 810 3263 904 3333; x_wconf 81' lang='lat' dir='ltr'><strong>Rufo</strong></span> <span class='ocrx_word' id='word_1_221' title='bbox 918 3261 1057 3356; x_wconf 86' lang='lat' dir='ltr'><strong>ejusque</strong></span> <span class='ocrx_word' id='word_1_222' title='bbox 1072 3263 1186 3334; x_wconf 83' lang='lat' dir='ltr'><strong>studiis</strong></span> <span class='ocrx_word' id='word_1_223' title='bbox 1199 3262 1286 3334; x_wconf 87' lang='lat' dir='ltr'><strong>bac-</strong></span> 
     </span>
     <span class='ocr_line' id='line_1_30' title="bbox 169 3364 1287 3464; baseline -0.001 -29"><span class='ocrx_word' id='word_1_224' title='bbox 169 3370 265 3435; x_wconf 87' lang='lat' dir='ltr'><strong>tenus</strong></span> <span class='ocrx_word' id='word_1_225' title='bbox 286 3364 521 3461; x_wconf 78' lang='lat' dir='ltr'><strong>disseruimus,</strong></span> <span class='ocrx_word' id='word_1_226' title='bbox 545 3369 726 3461; x_wconf 92' lang='lat' dir='ltr'><strong>plurimum</strong></span> <span class='ocrx_word' id='word_1_227' title='bbox 748 3368 832 3437; x_wconf 90' lang='lat' dir='ltr'><strong>lucis</strong></span> <span class='ocrx_word' id='word_1_228' title='bbox 856 3368 994 3436; x_wconf 88' lang='lat' dir='ltr'><strong>allatura</strong></span> <span class='ocrx_word' id='word_1_229' title='bbox 1020 3369 1061 3436; x_wconf 90' lang='lat' dir='ltr'><strong>sit</strong></span> <span class='ocrx_word' id='word_1_230' title='bbox 1087 3370 1202 3464; x_wconf 83' lang='lat' dir='ltr'><strong>paullo</strong></span> <span class='ocrx_word' id='word_1_231' title='bbox 1227 3391 1287 3434; x_wconf 89' lang='lat' dir='ltr'><strong>ac-</strong></span> 
     </span>
     <span class='ocr_line' id='line_1_31' title="bbox 169 3464 1287 3562; baseline 0.003 -28"><span class='ocrx_word' id='word_1_232' title='bbox 169 3464 318 3537; x_wconf 83' lang='lat' dir='ltr'><strong>&#39;curatior</strong></span> <span class='ocrx_word' id='word_1_233' title='bbox 331 3492 449 3539; x_wconf 89' lang='lat' dir='ltr'><strong>eorum</strong></span> <span class='ocrx_word' id='word_1_234' title='bbox 461 3470 577 3538; x_wconf 90' lang='lat' dir='ltr'><strong>notitia</strong></span> <span class='ocrx_word' id='word_1_235' title='bbox 590 3471 784 3561; x_wconf 85' lang='lat' dir='ltr'><strong>hominum,</strong></span> <span class='ocrx_word' id='word_1_236' title='bbox 802 3493 886 3562; x_wconf 87' lang='lat' dir='ltr'><strong>quos</strong></span> <span class='ocrx_word' id='word_1_237' title='bbox 899 3472 1058 3541; x_wconf 86' lang='lat' dir='ltr'><strong>Horatius</strong></span> <span class='ocrx_word' id='word_1_238' title='bbox 1075 3496 1151 3540; x_wconf 92' lang='lat' dir='ltr'><strong>cum</strong></span> <span class='ocrx_word' id='word_1_239' title='bbox 1163 3469 1287 3562; x_wconf 79' lang='lat' dir='ltr'><strong>Valgio</strong></span> 
     </span>
     <span class='ocr_line' id='line_1_32' title="bbox 172 3572 1289 3667; baseline 0 -29"><span class='ocrx_word' id='word_1_240' title='bbox 172 3572 344 3663; x_wconf 88' lang='lat' dir='ltr'><strong>componit</strong></span> <span class='ocrx_word' id='word_1_241' title='bbox 357 3582 529 3663; x_wconf 87' lang='lat' dir='ltr'><strong>tamquam</strong></span> <span class='ocrx_word' id='word_1_242' title='bbox 543 3596 669 3667; x_wconf 91' lang='lat' dir='ltr'><strong>aequos</strong></span> <span class='ocrx_word' id='word_1_243' title='bbox 684 3597 724 3641; x_wconf 91' lang='lat' dir='ltr'><strong>ac</strong></span> <span class='ocrx_word' id='word_1_244' title='bbox 739 3575 867 3666; x_wconf 89' lang='lat' dir='ltr'><strong>peritos</strong></span> <span class='ocrx_word' id='word_1_245' title='bbox 882 3574 1065 3645; x_wconf 88' lang='lat' dir='ltr'><strong>Satirarum</strong></span> <span class='ocrx_word' id='word_1_246' title='bbox 1081 3598 1215 3644; x_wconf 91' lang='lat' dir='ltr'><strong>suarum</strong></span> <span class='ocrx_word' id='word_1_247' title='bbox 1226 3572 1289 3666; x_wconf 90' lang='lat' dir='ltr'><strong>ju-</strong></span> 
     </span>
     <span class='ocr_line' id='line_1_33' title="bbox 172 3668 1289 3771; baseline 0.002 -32"><span class='ocrx_word' id='word_1_248' title='bbox 172 3668 283 3756; x_wconf 85' lang='lat' dir='ltr'><strong>dices3</strong></span> <span class='ocrx_word' id='word_1_249' title='bbox 308 3674 403 3744; x_wconf 90' lang='lat' dir='ltr'><strong>haud</strong></span> <span class='ocrx_word' id='word_1_250' title='bbox 424 3676 568 3745; x_wconf 88' lang='lat' dir='ltr'><strong>alienum</strong></span> <span class='ocrx_word' id='word_1_251' title='bbox 589 3678 651 3746; x_wconf 86' lang='lat' dir='ltr'><strong>erit</strong></span> <span class='ocrx_word' id='word_1_252' title='bbox 673 3686 731 3745; x_wconf 88' lang='lat' dir='ltr'><strong>aut</strong></span> <span class='ocrx_word' id='word_1_253' title='bbox 749 3678 917 3770; x_wconf 85' lang='lat' dir='ltr'><strong>ingratum</strong></span> <span class='ocrx_word' id='word_1_254' title='bbox 940 3676 1142 3771; x_wconf 89' lang='lat' dir='ltr'><strong>disputando</strong></span> <span class='ocrx_word' id='word_1_255' title='bbox 1168 3679 1214 3745; x_wconf 91' lang='lat' dir='ltr'><strong>ita</strong></span> <span class='ocrx_word' id='word_1_256' title='bbox 1236 3675 1289 3742; x_wconf 92' lang='lat' dir='ltr'><strong>di-</strong></span> 
     </span>
     <span class='ocr_line' id='line_1_34' title="bbox 172 3776 1291 3871; baseline -0.001 -27"><span class='ocrx_word' id='word_1_257' title='bbox 172 3776 289 3869; x_wconf 76' lang='lat' dir='ltr'><strong>gredi,</strong></span> <span class='ocrx_word' id='word_1_258' title='bbox 323 3788 378 3864; x_wconf 85' lang='lat' dir='ltr'><strong>ut,</strong></span> <span class='ocrx_word' id='word_1_259' title='bbox 415 3801 503 3869; x_wconf 91' lang='lat' dir='ltr'><strong>qnae</strong></span> <span class='ocrx_word' id='word_1_260' title='bbox 527 3778 621 3870; x_wconf 88' lang='lat' dir='ltr'><strong>apud</strong></span> <span class='ocrx_word' id='word_1_261' title='bbox 645 3789 773 3848; x_wconf 88' lang='lat' dir='ltr'><strong>veteres</strong></span> <span class='ocrx_word' id='word_1_262' title='bbox 801 3782 979 3871; x_wconf 87' lang='lat' dir='ltr'><strong>scriptores</strong></span> <span class='ocrx_word' id='word_1_263' title='bbox 1002 3781 1045 3849; x_wconf 92' lang='lat' dir='ltr'><strong>de</strong></span> <span class='ocrx_word' id='word_1_264' title='bbox 1076 3782 1138 3849; x_wconf 88' lang='lat' dir='ltr'><strong>illis</strong></span> <span class='ocrx_word' id='word_1_265' title='bbox 1164 3779 1291 3871; x_wconf 87' lang='lat' dir='ltr'><strong>passim</strong></span> 
     </span>
     <span class='ocr_line' id='line_1_35' title="bbox 172 3879 1291 3976; baseline -0.002 -28"><span class='ocrx_word' id='word_1_266' title='bbox 172 3879 355 3961; x_wconf 73' lang='lat' dir='ltr'><strong>memoriae</strong></span> <span class='ocrx_word' id='word_1_267' title='bbox 378 3881 501 3950; x_wconf 84' lang='lat' dir='ltr'><strong>tradita</strong></span> <span class='ocrx_word' id='word_1_268' title='bbox 519 3882 719 3970; x_wconf 86' lang='lat' dir='ltr'><strong>invenimus,</strong></span> <span class='ocrx_word' id='word_1_269' title='bbox 752 3882 807 3951; x_wconf 91' lang='lat' dir='ltr'><strong>hic</strong></span> <span class='ocrx_word' id='word_1_270' title='bbox 828 3884 1018 3976; x_wconf 82' lang='lat' dir='ltr'><strong>diligentius</strong></span> <span class='ocrx_word' id='word_1_271' title='bbox 1038 3884 1179 3951; x_wconf 89' lang='lat' dir='ltr'><strong>collecta</strong></span> <span class='ocrx_word' id='word_1_272' title='bbox 1202 3881 1291 3972; x_wconf 85' lang='lat' dir='ltr'><strong>adji-</strong></span> 
     </span>
     <span class='ocr_line' id='line_1_36' title="bbox 175 3981 1291 4079; baseline 0 -31"><span class='ocrx_word' id='word_1_273' title='bbox 175 3981 311 4050; x_wconf 90' lang='lat' dir='ltr'><strong>ciamus.</strong></span> <span class='ocrx_word' id='word_1_274' title='bbox 363 3983 456 4052; x_wconf 90' lang='lat' dir='ltr'><strong>Ecce</strong></span> <span class='ocrx_word' id='word_1_275' title='bbox 469 3985 572 4077; x_wconf 85' lang='lat' dir='ltr'><strong>igitur</strong></span> <span class='ocrx_word' id='word_1_276' title='bbox 594 3987 809 4079; x_wconf 84' lang='lat' dir='ltr'><strong>egregiorum</strong></span> <span class='ocrx_word' id='word_1_277' title='bbox 831 3988 950 4056; x_wconf 89' lang='lat' dir='ltr'><strong>seriem</strong></span> <span class='ocrx_word' id='word_1_278' title='bbox 974 3987 1120 4055; x_wconf 90' lang='lat' dir='ltr'><strong>virorum</strong></span> <span class='ocrx_word' id='word_1_279' title='bbox 1143 4009 1182 4051; x_wconf 88' lang='lat' dir='ltr'><strong>ac</strong></span> <span class='ocrx_word' id='word_1_280' title='bbox 1206 4006 1291 4073; x_wconf 91' lang='lat' dir='ltr'><strong>pru-</strong></span> 
     </span>
     <span class='ocr_line' id='line_1_37' title="bbox 176 4083 1291 4187; baseline 0 -37"><span class='ocrx_word' id='word_1_281' title='bbox 176 4083 441 4185; x_wconf 83' lang='lat' dir='ltr'><strong>dentissimorum</strong></span> <span class='ocrx_word' id='word_1_282' title='bbox 454 4087 556 4156; x_wconf 87' lang='lat' dir='ltr'><strong>veluti</strong></span> <span class='ocrx_word' id='word_1_283' title='bbox 571 4111 761 4158; x_wconf 89' lang='lat' dir='ltr'><strong>consessum</strong></span> <span class='ocrx_word' id='word_1_284' title='bbox 776 4089 950 4184; x_wconf 86' lang='lat' dir='ltr'><strong>judicum,</strong></span> <span class='ocrx_word' id='word_1_285' title='bbox 976 4111 1061 4177; x_wconf 93' lang='lat' dir='ltr'><strong>quos</strong></span> <span class='ocrx_word' id='word_1_286' title='bbox 1083 4088 1291 4187; x_wconf 76' lang='lat' dir='ltr'><strong>obtrectato-</strong></span> 
     </span>
     <span class='ocr_line' id='line_1_38' title="bbox 174 4186 1293 4286; baseline 0.002 -32"><span class='ocrx_word' id='word_1_287' title='bbox 174 4186 278 4255; x_wconf 81' lang='lat' dir='ltr'><strong>ribus</strong></span> <span class='ocrx_word' id='word_1_288' title='bbox 286 4194 423 4257; x_wconf 89' lang='lat' dir='ltr'><strong>s&#39;uorum</strong></span> <span class='ocrx_word' id='word_1_289' title='bbox 439 4190 621 4262; x_wconf 88' lang='lat' dir='ltr'><strong>carminum</strong></span> <span class='ocrx_word' id='word_1_290' title='bbox 644 4194 786 4286; x_wconf 84' lang='lat' dir='ltr'><strong>opponit</strong></span> <span class='ocrx_word' id='word_1_291' title='bbox 808 4194 967 4263; x_wconf 88' lang='lat' dir='ltr'><strong>Horatius</strong></span> <span class='ocrx_word' id='word_1_292' title='bbox 988 4200 1023 4262; x_wconf 90' lang='lat' dir='ltr'><strong>et</strong></span> <span class='ocrx_word' id='word_1_293' title='bbox 1046 4213 1122 4261; x_wconf 88' lang='lat' dir='ltr'><strong>cum</strong></span> <span class='ocrx_word' id='word_1_294' title='bbox 1143 4188 1293 4280; x_wconf 87' lang='lat' dir='ltr'><strong>quodam</strong></span> 
     </span>
    </p>
   </div>
   <div class='ocr_carea' id='block_1_7' title="bbox 0 0 1418 4838">
    <p class='ocr_par' dir='ltr' id='par_1_7' title="bbox 0 0 1418 4838">
     <span class='ocr_line' id='line_1_39' title="bbox 0 0 1418 4838; baseline 0 0"><span class='ocrx_word' id='word_1_295' title='bbox 0 0 1418 4838; x_wconf 95' lang='lat' dir='ltr'><strong> </strong></span> 
     </span>
    </p>
   </div>
  </div>
 </body>
</html>
