2768 4838
226 299 279 371 34
368 351 371 359 ,
524 316 827 373 nuenario
870 322 1058 374 roura.

227 501 315 571 quae
344 475 481 568 dicitur,
521 500 592 570 qua
610 499 690 549 usus
712 477 880 550 Ausonius
909 477 958 548 ita
985 477 1060 549 fere
1082 484 1353 572 argumentatore

227 583 306 651 nolo
323 605 511 651 memorare
522 583 734 681 Annianumg
757 582 865 681 quid?
880 581 974 673 quod
990 583 1233 673 antiquissimus
1247 589 1353 675 poeta

227 685 371 754 Laevius
386 685 566 754 lascivioris
579 673 772 778 argumenti
785 685 889 763 libros
902 685 1051 776 scripsit3
1076 696 1111 753 et
1128 686 1175 752 ita
1195 708 1217 753 a
1235 686 1353 754 novis-

229 789 313 856 simo
328 809 464 856 exorsus
477 797 632 881 tempore
645 787 690 855 ad
701 795 833 856 veteres
848 787 1013 855 Graeciae
1029 788 1176 856 comicos
1189 811 1255 881 per
1267 797 1361 880 grn-'

228 890 291 958 dus
307 890 465 961 ascendit.
524 892 631 959 Porro
645 888 714 958 huc
728 891 875 982 pertinet
891 889 1020 958 Gellius
1040 892 1083 961 N.
1104 891 1145 958 A.
1162 891 1239 959 Lib.
1256 891 1352 962 XIX.

119 997 122 1003 ’
228 1017 258 1062 c.
273 990 328 1080 9.,
352 992 447 1083 apud
470 1015 573 1084 quem
590 992 765 1074 Graeculi,
790 992 990 1061 lacessentes
1012 992 1048 1060 in
1070 993 1223 1060 convivio
1237 994 1351 1062 Auto-

228 1096 319 1164 uium
340 1095 513 1190 Julianum
533 1094 722 1181 rhetorem,
753 1095 902 1167 florentis
924 1094 1095 1163 hominem
1118 1095 1295 1164 facundiae
1315 1104 1350 1163 et

227 1220 341 1287 rerum
352 1188 604 1288 litterarumque
625 1206 778 1266 veterum
798 1197 963 1290 peritum,
984 1206 1238 1290 percontantur,
1264 1198 1349 1289 quid

228 1298 272 1370 de
293 1301 505 1371 Arracreonte
528 1300 684 1383 sentiret‚·
717 1309 752 1368 et
779 1301 894 1390 ecquis
916 1295 1148 1370 Romanorum
1170 1310 1349 1395 poetamm

227 1414 297 1472 tam
314 1404 454 1472 fluentes
471 1405 655 1473 carminum
676 1403 811 1472 delicias
829 1404 981 1492 fecisset,
1006 1405 1068 1473 nisi
1086 1405 1175 1473 forte
1196 1403 1348 1474 Catullus

225 1530 338 1600 pauca
357 1516 391 1575 et
404 1506 528 1576 Calvus
547 1506 663 1574 itidem
681 1506 817 1599 pauca?
866 1504 967 1577 Nam
987 1506 1158 1595 Laevius,
1183 1507 1347 1598 inquiunt,

226 1610 433 1703 implicata,
467 1617 501 1678 et
523 1610 733 1679 Hortensius
750 1610 951 1694 invenusto,
984 1617 1019 1678 et
1052 1610 1167 1679 Cinna
1185 1611 1349 1703 illepide,

227 1722 263 1782 et
282 1712 473 1781 Mernmr‘ua
495 1712 610 1798 dara,
651 1735 697 1781 ac
721 1712 890 1805 deinceps
911 1733 1030 1781 omnes
1050 1712 1162 1780 radia
1178 1712 1350 1804 secernat

225 1823 333 1908 atque
353 1813 490 1884 absona
516 1816 591 1906 12).
649 1816 729 1885 Hoc
752 1816 998 1884 Graeculomm
1023 1815 1068 1884 de
1089 1815 1217 1885 Latinis
1235 1815 1348 1906 poetis

218 1918 383 2011 judicium
392 1919 469 2011 jam
489 1919 711 1987 examinatum
725 1928 808 1987 esta
824 1920 926 1988 mein
945 1918 1135 1990 Commeat.
1150 1918 1187 1986 d.
1206 1917 1245 1988 C.
1255 1917 1349 1987 flet-

171 2018 175 2025 ’
225 2022 283 2091 vio
297 2020 422 2091 'cinna
445 2043 519 2115 cap.
541 2022 584 2090 ll.
606 2018 641 2115 §.
660 2022 714 2104 2.;
748 2022 809 2090 sed
832 2024 866 2090 in
890 2021 1081 2091 definienda
1101 2021 1219 2090 Laevii
1239 2028 1349 2088 aetate

226 2147 328 2216 quam
353 2124 480 2195 habeat
502 2126 588 2213 vim,
613 2125 652 2194 id
671 2148 761 2193 nunc
783 2127 845 2193 erit
864 2124 1057 2194 videndum.
1118 2123 1271 2194 Tametsi
1292 2146 1349 2192 me

223 2251 441 2318 nequaquam
456 2229 633 2322 praeterit,
663 2229 844 2315 Laeuium,
875 2228 1112 2317 Hortensium,
1145 2227 1294 2296 Cinnam
1313 2234 1348 2294 et

104 2354 109 2361 ·
223 2329 424 2399 Memmium
442 2333 506 2424 1³)
530 2332 656 2405 hocin
675 2332 755 2400 loco
774 2355 842 2401 non
858 2341 928 2400 tam
952 2332 1085 2428 aetatis,
1114 2352 1183 2420 qua
1197 2330 1348 2432 vixerint,

226 2458 328 2524 quam
350 2436 520 2522 similium,
551 2458 639 2525 quae
652 2437 697 2503 ab
713 2436 751 2502 iis
769 2434 894 2527 scripta
909 2435 1050 2523 fuerint,
1081 2435 1264 2503 carminum
1283 2456 1348 2500 ra-

223 2538 315 2606 tione
330 2537 445 2607 habita
458 2539 667 2629 componi-et
685 2537 848 2624 ordinari,
865 2544 987 2609 lumen
1010 2547 1068 2606 aut
1090 2537 1229 2629 egregie
1247 2535 1348 2604 fallor

225 2649 283 2708 aut
300 2663 360 2727 eo,
387 2663 456 2732 quo
476 2643 659 2709 enumerati
673 2648 764 2727 sunt,
790 2641 909 2711 ordine
921 2640 959 2737 id
975 2641 1135 2725 efficitur,
1161 2649 1216 2720 ut,
1242 2661 1348 2729 quum

223 2743 441 2829 HortensiuS,
468 2742 593 2831 Cinna,
618 2742 801 2812 Memmius
824 2754 901 2814 ante
918 2745 1065 2837 Augusti
1079 2742 1259 2833 imperium
1279 2741 1346 2809 tlo-

223 2848 368 2934 ruerint,
400 2867 465 2939 pro
497 2857 590 2916 certo
616 2870 746 2939 ponere
771 2849 958 2939 possimus,
997 2846 1161 2915 Laeuium
1187 2844 1249 2912 illis
1277 2866 1347 2911 non

222 2949 324 3043 luisse
345 2949 463 3019 ordine
482 2949 730 3043 praepositum,
766 2951 795 3019 si
813 2951 972 3044 Augusto
998 2950 1134 3018 demum
1159 2947 1346 3037 imperante

222 3062 281 3121 aut
295 3053 396 3121 etiam
409 3054 512 3122 serius
527 3054 677 3138 vixisset,
694 3076 857 3143 eumque,
871 3076 977 3144 quum
987 3054 1023 3121 in
1036 3049 1248 3123 recensendis
1264 3073 1345 3118 cae-

221 3157 301 3224 teris
323 3155 411 3224 ordo
431 3156 569 3246 quidam
596 3179 618 3223 a
639 3155 751 3238 Gellio
775 3157 817 3224 sit
838 3157 1052 3242 observatus,
1083 3151 1259 3224 triumviris
1281 3153 1345 3221 illis

220 3259 308 3329 ritae
330 3260 424 3329 aunis
447 3258 675 3339 antecessisse.
745 3258 861 3346 Quum
881 3259 1027 3330 Laevius
1054 3266 1199 3353 propter
1227 3256 1346 3348 lyrica,

218 3557 297 3625 dum,
314 3561 414 3627 tumor,
431 3563 465 3617 de
481 3561 602 3618 enlm
614 3559 741 3617 Plrullreo
758 3561 857 3632 liquet,
886 3560 935 3618 elul
944 3601 952 3627 ‚
978 3577 1046 3632 quae
1061 3561 1122 3617 inde
1140 3561 1173 3618 de
1191 3559 1346 3618 Terentioul

113 3680 120 3699 ,
216 3634 302 3753 wll?
322 3634 478 3688 uuaobatur
493 3632 654 3699 difficulter,
675 3633 785 3702 egregie
802 3637 905 3688 murata
925 3638 965 3687 eat
991 3632 1153 3688 aSauteoio
1174 3631 1203 3686 in
1225 3632 1345 3686 Praelut.

287 3768 336 3837 12)
352 3769 406 3822 Pro
420 3770 533 3826 bama·
548 3769 621 3824 editt.
644 3772 710 3823 voa
730 3769 854 3824 Naeuiae.
887 3771 910 3826 1.
921 3771 967 3826 Fr.
982 3770 1131 3825 Gronovius
1142 3770 1169 3823 in
1184 3769 1245 3824 edit.
1257 3767 1345 3837 laugd.

219 3835 254 3890 Β.
271 3836 349 3891 leat.
367 3839 479 3908 natm,
497 3847 527 3894 ut
542 3842 599 3894 rea
617 3839 646 3892 iu
664 3840 797 3911 Porphyr.
814 3842 866 3893 Μι.
893 3841 935 3894 Ιιίι
954 3842 1053 3894 invenit
1066 3842 1175 3894 Levium
1192 3841 1225 3892 ad
1248 3839 1345 3891 Horat.

217 3902 302 3972 Epist
314 3907 354 3969 ll,
371 3908 402 3971 1,
419 3909 464 3963 ott.
481 3911 545 3964 (loll.
567 3910 703 3964 Guelferb.
726 3911 825 3973 lenior,
849 3911 872 3962 ri
886 3911 950 3964 lldae
962 3916 1001 3964 ert
1017 3910 1100 3963 bioni.
1134 3910 1155 3963 l.
1175 3908 1206 3960 11.
1229 3906 1344 3960 Gouradi

218 3980 289 4026 recte
299 3975 413 4028 Mevius
429 3979 524 4045 edidit,
541 3984 572 4034 ut
584 3996 687 4046 semper
704 3996 733 4033 ro
747 3996 792 4048 op.
813 3979 931 4034 Gellium
949 3980 1074 4045 scriptum
1088 3977 1219 4032 inveniare
1234 3982 1345 4031 laetatur

219 4043 383 4112 Scaligerarl
396 4047 539 4101 turonium
550 4049 568 4104 Ι.
582 4066 607 4103 e.
621 4051 655 4102 ct.
671 4046 770 4104 Orunni
784 4049 861 4102 Auul.
875 4051 939 4105 Grit.
951 4068 977 4117 p.
990 4049 1034 4102 53.
1150 4083 1153 4087 -

287 4112 337 4181 la)
353 4115 623 4186 Intelligendurlruud
633 4120 713 4174 dubio
728 4117 1125 4181 alumnumalumnum,
1148 4115 1191 4169 eui
1206 4113 1344 4168 Lucretius

218 4193 325 4235 umen
337 4200 414 4237 mum
429 4186 463 4240 do
471 4187 573 4241 Rerum
585 4188 686 4243 Nature
697 4187 830 4256 mamlprit
840 4193 869 4241 et
884 4189 918 4241 de
935 4203 988 4254 quo
999 4187 1104 4255 copioso
1124 4192 1152 4239 et
1163 4186 1238 4238 docto
1252 4183 1344 4251 dispu-

217 4249 470 4379 turiltffll'ffiligar
481 4255 510 4311 iu
528 4257 667 4312 &nuent
683 4259 711 4313 cl.
724 4258 762 4313 T.
779 4257 898 4314 umet
910 4258 974 4314 ears·
988 4256 1111 4313 &miae
1123 4255 1210 4328 (nipe
1216 4252 1343 4320 Idm.)
