2768 4838
253 332 260 353 ι
390 322 445 371 nn
469 324 595 372 rrrro
620 323 840 390 surarum
864 324 1019 385 ronna.
1175 303 1253 378 m

114 469 253 539 artium
277 471 535 560 amantissimus,
566 474 679 541 Roma
708 474 842 543 abesset
869 453 1110 565 Neronemque
1133 474 1169 549 in
1191 476 1249 545 illa

131 574 346 642 comitaretur
373 574 608 666 expeditione,
645 576 777 668 scripsit
806 577 852 646 ad
871 586 949 646 cum
972 577 1133 647 Horatius
1158 578 1249 646 hanc

131 677 337 768 Epistulam,
363 677 579 768 prudentiae,
604 677 817 747 humanitatis
841 688 943 768 atquc
962 680 1156 750 urbanitatis
1168 682 1249 773 plc-

132 780 317 865 nissimam,
348 780 383 847 in
406 803 473 869 qua
494 782 608 866 simul,
640 781 829 850 admirabili
853 803 931 850 usus
952 791 1041 868 arte,
1073 784 1142 852 duo
1164 784 1248 861 alios

132 884 276 950 Neronis
292 883 447 970 comites,
473 884 532 974 qui
546 885 711 976 Apollinis
725 885 875 953 lauream
889 883 1101 973 affectarent,
1120 886 1249 956 Titium

133 994 168 1054 et
188 984 347 1071 Celsum,
373 987 443 1054 sale
456 995 490 1054 et
504 987 630 1056 facetiis
643 988 747 1079 tangit
763 997 797 1056 et
811 987 1001 1078 perurbane
1016 991 1133 1080 carpit.

151 1164 153 1173 k
233 1087 290 1156 Ex
304 1087 355 1156 his
370 1089 515 1157 animum
532 1099 685 1158 nostrum
705 1088 866 1182 imprimis
889 1089 1032 1158 advertit
1050 1091 1177 1176 litium,
1204 1091 1250 1162 de
1360 1148 1363 1158 .

113 1266 116 1271 ,
132 1214 202 1280 quo
218 1192 364 1282 primum
378 1191 550 1262 audiamus
568 1193 788 1279 Scholiastas:
815 1195 930 1261 Acron
946 1216 980 1284 p.
996 1192 1083 1264 403.
1103 1194 1157 1266 ed.
1170 1193 1251 1268 Bas.

131 1294 287 1362 Deridet
306 1293 433 1363 Titium
443 1304 610 1387 poetam,
636 1297 697 1388 qai
715 1295 919 1364 Pindarum
938 1295 1138 1384 Graecum,
1160 1318 1252 1388 pro·

122 1395 335 1490 sanctissimi
351 1419 472 1466 sennis
492 1405 527 1467 er
548 1399 783 1493 eloquentiae,
809 1398 846 1467 in
866 1398 1034 1467 Latinum
1054 1420 1251 1470 sermonum

134 1507 282 1569 conatus
298 1506 349 1568 est
364 1499 572 1599 transjerre
624 1500 723 1572 Nam
741 1501 958 1594 tragoedias
979 1508 1013 1570 et
1034 1502 1150 1591 lyrica
1165 1522 1252 1569 car·

133 1604 231 1670 mina
244 1601 401 1671 scribere
423 1606 536 1696 coepit
554 1603 771 1698 temporibus
784 1604 959 1697 Augusti,
984 1605 1051 1674 sed
1071 1603 1154 1672 libri
1176 1600 1252 1696 ejus

113 1706 263 1774 'nultius
291 1707 457 1775 momenti
479 1715 594 1780 mant.
619 1747 674 1761 -
713 1706 930 1799 Porphyrion
955 1705 1042 1775 haec
1062 1706 1251 1778 adnotavit:

137 1807 247 1877 litim
263 1817 376 1899 poeta
394 1809 453 1878 iric
473 1811 583 1878 voluit
603 1809 808 1877 Pindarum
834 1831 996 1877 sermone
1018 1810 1148 1878 Latino
1168 1830 1252 1879 oer-

133 1918 219 1979 tere.
254 1911 408 1978 Deridet
426 1919 544 1978 autem
562 1910 656 1979 bunc
673 1911 864 1998 Horatius,
881 1912 977 2003 quod
999 1934 1108 1980 narsus
1127 1912 1174 1981 sit
1188 1935 1252 1981 aa·

135 2035 235 2082 crum
258 2034 347 2102 opas
357 2014 608 2081 contaminare.
660 2013 917 2083 Potesttamen
935 2020 970 2083 et
985 2037 1069 2083 vere
1086 2015 1252 2086 wadonis
1310 2004 1315 2020 ¹

134 2138 220 2183 nam
238 2114 369 2183 Tiberii
382 2136 498 2184 comes
515 2124 549 2184 et
568 2117 790 2185 doctissimus
800 2115 880 2209 suit
902 2125 936 2186 et
958 2117 1075 2206 lyrica
1095 2119 1252 2188 carueri-

130 2219 215 2311 psit.
267 2218 373 2309 Igitur
397 2227 539 2308 uterque
557 2218 763 2309 scholiastes
781 2220 908 2287 utrium
928 2219 1065 2293 Pindari
1085 2220 1253 2312 interpro-

134 2332 204 2390 tem
218 2320 321 2388 fuisse
341 2322 405 2407 ait,
433 2321 493 2389 sed
517 2330 551 2391 et
573 2323 686 2413 ipsum
706 2324 812 2413 lyrica
832 2323 1003 2413 scripsisse
1026 2323 1174 2390 carmina
1206 2332 1251 2408 et,

134 2428 271 2495 Acrone
285 2433 386 2510 teste,
413 2426 515 2493 etiam
536 2425 746 2518 tragoedias:
771 2424 852 2521 hinc
874 2447 896 2492 a
918 2423 963 2492 G.
985 2423 1044 2497 do.
1066 2424 1186 2493 Vossio
1207 2426 1252 2495 de
1304 2478 1310 2495 i

135 2529 231 2597 Poet.
245 2529 320 2596 Lat.
340 2527 425 2618 Cap.
441 2528 484 2596 ll.
498 2554 534 2621 p.
549 2527 635 2597 241.
656 2529 699 2598 T.
716 2527 775 2598 111.
795 2526 889 2620 opp.
929 2525 1041 2596 liliata
1061 2525 1254 2619 Septimius
1289 2582 1306 2616 ,
1331 2558 1336 2565 ’

137 2630 275 2721 quidam
303 2632 415 2721 lyricis
444 2640 478 2700 et
500 2633 636 2724 tragicis
664 2642 861 2700 accensetur
884 2630 1012 2723 postis,
1050 2629 1199 2719 itemque
1230 2652 1254 2700 a

135 2735 270 2825 Langio
284 2726 329 2800 ¹iu
350 2734 480 2802 Vindio.
504 2735 679 2827 Tragoed.
697 2736 799 2802 Rom.
818 2756 854 2825 p.
875 2734 910 2801 8.
941 2731 981 2803 G.
1003 2732 1114 2802 Titius
1133 2734 1265 2826 sepit·

135 2839 227 2906 mins
241 2838 327 2904 iuter
346 2859 404 2904 eos
420 2848 639 2922 memoratur,
666 2838 725 2926 qni
746 2839 878 2903 Romae
897 2835 1082 2927 tragoediis
1102 2838 1254 2906 scriben-

137 2941 189 3009 dis
208 2961 347 3030 operam
368 2941 570 3008 narraverint
621 2939 777 3029 Uterque
788 2939 848 3005 Vir
862 2937 991 3006 Doctus
1012 2939 1059 3006 ad
1076 2938 1255 3011 huucHo·

135 3044 210 3112 ratii
225 3044 337 3110 locum
350 3064 411 3110 nos
425 3043 602 3135 ablegant,
629 3064 671 3110 ex
690 3064 759 3132 quo
776 3063 857 3109 sane
878 3041 1052 3127 discimus,
1077 3041 1205 3109 'litium
1220 3048 1255 3110 et

137 3148 171 3215 in
187 3146 294 3235 lyrico
312 3154 346 3214 et
359 3145 543 3215 dramatico
556 3167 701 3239 poeseos
719 3168 845 3236 genere
869 3144 993 3235 ingenii
1011 3143 1061 3211 sui
1074 3144 1161 3212 vires
1178 3165 1255 3212 essa

137 3249 378 3340 periclitatum:
411 3273 480 3340 quo
510 3272 683 3334 successu,
722 3241 910 3315 Horatione
931 3246 1097 3338 probante
1117 3269 1160 3313 an
1187 3247 1255 3314 im·

108 3379 114 3394 1
138 3351 321 3442 probante,
345 3353 433 3421 infra
447 3353 644 3422 videbimus.
697 3349 786 3419 Cum
807 3351 943 3418 Acrone
966 3358 1001 3417 et
1018 3348 1273 3440 Porphyrione

139 3455 212 3522 fere
230 3455 392 3523 consentit
412 3457 616 3524 scholiastes
632 3454 736 3543 Cruq.
756 3477 791 3546 p.
812 3448 899 3520 525.
930 3450 1041 3521 litim
1063 3451 1257 3544 Septimius

139 3557 256 3651 lyrica
270 3559 433 3625 carmina
448 3568 482 3626 et
496 3558 712 3652 tragoedias
724 3557 882 3655 sqipsit,
908 3554 1067 3648 Augusti
1078 3561 1256 3646 temperer

140 3660 205 3729 sed
223 3657 307 3728 libri
321 3655 393 3751 ejus
406 3662 494 3730 nulli
509 3668 659 3735 exstant.
709 3655 830 3752 Hujus
845 3665 963 3726 nutem
979 3659 1119 3750 insigne
1131 3680 1256 3726 monu-

140 3771 295 3832 mentum
312 3771 363 3832 est
382 3764 482 3858 infra
496 3764 670 3833 Ariciam.
745 3763 785 3830 ln
806 3785 873 3851 qun
893 3769 973 3829 nota
995 3768 1182 3829 memoratu
1201 3759 1256 3828 di·

141 3868 335 3959 gnissimum
351 3878 411 3956 cst,
429 3868 522 3957 quod
542 3877 656 3960 poeta,
680 3866 738 3956 qni
751 3866 795 3933 ab
812 3864 955 3932 Horatio
971 3862 1170 3954 duobusque
1183 3863 1257 3956 ejus

142 3972 386 4039 enarratoribus
410 3972 603 4062 simpliciter
621 3970 733 4040 litias
750 3977 906 4055 vocatur,
936 3964 1051 4035 Titius
1067 3965 1259 4060 Septimius

142 4075 350 4165 appellatur,
365 4075 459 4165 quod
471 4097 595 4143 nomen
609 4074 654 4143 G.
670 4072 728 4141 Jo.
742 4071 879 4141 Vossius
901 4070 966 4140 lc.
980 4071 1145 4161 recepitet
1164 4070 1260 4138 Tor·

142 4178 282 4263 rentius,
309 4201 411 4267 quem
430 4179 581 4272 Largius
608 4175 747 4245 videtur
769 4183 900 4244 secutus
920 4194 1011 4259 esse,
1036 4173 1147 4242 cidem
1166 4172 1260 4240 'litio

142 4299 349 4370 praenomen
361 4279 472 4377 Cujus
484 4283 609 4372 tribuit,
620 4279 726 4374 quod
737 4279 851 4357 nescio
862 4274 1263 4449 qpalepcritauctoritutc.

920 4402 941 4447 a
