2768 4838
127 271 203 346 roo
366 292 425 345 ne
448 294 482 346 c.
507 293 670 346 nnnrro
694 295 831 356 crura
856 294 1014 351 ronco.

124 448 164 518 lis
178 446 413 517 assimilantur:
437 468 540 537 quam
559 468 652 537 rem,
675 453 813 540 praeter
829 444 979 517 Gerdam
997 445 1043 516 ad
1063 444 1100 520 h.
1115 444 1192 520 net
1211 468 1273 536 r„

125 551 176 620 29
193 558 229 619 ct
248 549 326 639 36,
350 551 545 639 illustratam
564 549 733 621 dederunt
751 538 865 643 lntpp.
886 548 1060 620 Theocrit
1080 551 1182 642 Idyll
1201 550 1247 641 V,

114 644 214 727 'lau
238 653 314 740 Vll,
327 650 387 723 41.
404 661 440 721 et
451 653 631 723 Passovins
645 653 689 722 ad
703 655 809 723 Persii
822 654 962 746 Prolog.
985 676 1019 722 v.
1035 653 1095 722 13.
1111 677 1148 746 p.
1157 652 1248 725 2311.

123 756 189 844 At,
214 755 344 847 siquid
366 755 485 842 video,
505 754 630 825 ‘omnis
652 756 788 825 decedit
808 754 887 825 huic
909 757 986 825 loco
1007 757 1058 826 vis
1081 764 1119 825 et
1144 780 1247 828 omna

124 882 283 955 acumen,
315 857 342 928 si
364 858 400 926 in
421 880 463 927 eo
492 859 540 927 nil
560 867 697 950 praeter
717 859 952 952 proverbium,
985 881 1055 948 quo
1085 859 1247 953 Virgilius

124 966 229 1045 suam
248 958 429 1052 ἀμουσίαν
461 959 640 1053 significet,
671 984 857 1054 agnoscere
883 963 1033 1047 velimus.
1083 961 1134 1032 lo.
1154 962 1248 1035 Lud.

124 1065 170 1135 de
184 1067 218 1135 la
233 1063 362 1150 Cerdo,
387 1064 438 1131 vir
453 1066 579 1133 multae
600 1066 769 1151 lectionis,
793 1067 908 1157 pluras·
929 1063 1084 1134 excitavit
1099 1066 1247 1158 scripto-

123 1191 197 1256 res,
222 1167 280 1257 qui
303 1164 337 1237 h.
356 1166 470 1234 locum
496 1167 679 1236 imitatione
705 1170 907 1260 expressisse
927 1160 1105 1261 putantum
1136 1170 1248 1251 omisit

69 1336 72 1341 .
123 1269 472 1363 tamenpraecipunm
484 1269 653 1363 Propertii
672 1272 804 1360 boum,
830 1272 889 1362 qui
909 1282 949 1341 ut
968 1271 1147 1343 manifesta
1168 1270 1247 1341 imi-

49 1416 58 1431 =
124 1374 249 1444 tatricis
263 1395 390 1465 operae
400 1373 545 1465 ‚vestigia
563 1398 647 1467 prae
663 1398 701 1444 se
721 1376 805 1462 fert,
830 1374 879 1443 ita
898 1373 978 1443 huic
999 1382 1114 1445 nostro
1134 1375 1248 1451 versui
1285 1388 1291 1398 '

124 1477 306 1571 plurimum
328 1477 410 1545 lucis
423 1475 555 1545 afferre
578 1477 664 1545 mihi
683 1477 826 1550 videtur.
877 1478 1075 1570 Propertius
1100 1477 1189 1549 culm
1211 1476 1260 1547 111Ι

125 1580 249 1672 Elegia
263 1578 371 1647 XXV.
390 1578 485 1647 libr.
499 1579 542 1647 ll.
566 1580 612 1648 ad
624 1582 803 1672 Lynceum
816 1589 954 1672 poetam
976 1583 1118 1674 scripta,
1143 1580 1247 1668 hunc,

126 1684 203 1773 qui,
230 1681 356 1751 omissis
375 1681 568 1773 grandioris
585 1683 774 1775 argumenti
794 1680 1013 1772 carminibus,
1035 1684 1191 1753 Philotae
1211 1692 1248 1753 et

127 1782 327 1855 Callimachi
350 1784 504 1852 'cannina
529 1785 657 1881 lcpiora
677 1786 854 1854 'aemulari
890 1794 1069 1880 coeperat,
1114 1786 1247 1855 felicior

127 1889 258 1979 quippe
268 1886 399 1955 futurus
412 1888 449 1955 in
463 1910 579 1956 amore
591 1889 781 1980 puellarum
795 1912 913 1959 severa
922 1888 1246 1983 aversaruiumpoe-

126 2001 237 2076 mata,
260 1988 377 2057 laudat
395 1998 448 2074 ct,
480 1992 572 2059 utin
592 2014 634 2060 eo
656 2001 852 2084 perseveret
869 1993 997 2080 studio,
1024 2000 1097 2061 turn
1114 1999 1247 2061 suomet

126 2093 229 2186 ipsius
250 2091 406 2183 exemplo
429 2091 640 2181 cohortatur,
666 2104 738 2162 tum
755 2095 895 2162 aliorum
914 2104 1111 2187 poetarum,
1136 2095 1172 2164 iu
1192 2092 1247 2163 his

126 2194 258 2288 Virgilii
279 2218 301 2263 a
314 2216 347 2262 v.
368 2192 419 2262 tl
443 2219 506 2285 sq,
527 2199 603 2286 qui,
619 2203 623 2206 ’
638 2196 718 2265 licet
740 2221 817 2265 curn
839 2200 983 2266 maxime
1010 2199 1048 2268 iu
1070 2195 1248 2267 scribenda

124 2288 343 2369 ¹Aeneidosit
360 2309 563 2391 occupatus,
581 2307 709 2368 tamcn
735 2301 828 2392 prins
857 2301 989 2370 levioris
1018 2301 1248 2389 suaviorisque

125 2402 272 2471 carmina
296 2402 487 2493 argumenti
517 2403 653 2490 feccrit,
693 2402 845 2495 Eclogas
874 2412 909 2472 et
928 2403 1120 2502 Georgica,
1159 2424 1248 2493 qnae

122 2503 280 2595 quilibet,
307 2504 376 2573 sive
389 2503 482 2573 rudis
496 2505 532 2575 in
548 2516 690 2595 amore,
709 2506 780 2576 sivo
796 2506 942 2601 peritus,
968 2507 1125 2580 lubenter
1136 2504 1247 2598 legata

123 2614 196 2679 tum
210 2628 243 2680 v.
258 2604 320 2675 83.
336 2607 469 2699 pergit:
699 2640 702 2645 ·
808 2644 814 2675 ε
1122 2672 1127 2680 .

128 2754 134 2761 -
172 2707 255 2801 Nec
268 2709 384 2779 minor
404 2709 461 2779 bie
474 2708 631 2800 unimus,
656 2715 741 2800 aad,
763 2709 944 2800 umber,
970 2732 1033 2783 ora
1045 2727 1198 2784 omarus

114 2830 118 2843 ¹
226 2810 376 2883 Ariseria
388 2812 529 2884 indocto
544 2814 704 2886 carmine
717 2815 821 2886 cessit
836 2816 915 2886 olor
932 2816 1007 2909 1⁰).
1102 2876 1107 2885 .
1227 2818 1231 2825 ’

154 3066 169 3089 ·
192 3047 244 3118 10)
277 3045 405 3101 Dsdimnt
420 3045 554 3101 lr'alooonr
569 3044 720 3116 Propertii,
745 3050 825 3117 prout
840 3045 917 3102 oobir
932 3042 1085 3102 scribonius
1099 3045 1247 3102 videbator.

124 3116 371 3174 Romanam-sse
385 3115 483 3170 odldlts
500 3116 557 3169 Noc
573 3117 663 3189 minor*
676 3118 718 3171 bio
734 3118 854 3182 animia,
869 3136 916 3170 ooo
932 3135 961 3170 re
977 3120 1062 3170 minor
1078 3134 1122 3171 oro
1139 3132 1248 3171 orooro·

124 3186 231 3243 Anseris
248 3187 351 3241 indocto
368 3186 483 3238 carmine
500 3187 575 3238 aeaut
592 3188 660 3251 olor,
685 3191 712 3239 ot
736 3186 905 3257 scaligerum
927 3193 1030 3240 secutur
1052 3186 1125 3238 hunc
1147 3186 1173 3239 ci
1190 3202 1248 3240 roa-

112 3261 185 3312 'rnrn
199 3256 328 3322 rdbjodts
344 3252 524 3324 „Virgilium
541 3255 604 3310 licet
619 3257 655 3311 ab
672 3254 778 3309 aemulo
792 3254 944 3309 hcessiturn
959 3261 986 3309 et
997 3261 1185 3324 provocatum,
1202 3252 1248 3324 qni

124 3326 155 3383 in
170 3326 304 3381 llucolicir
318 3325 444 3383 nomano
459 3329 608 3393 nipast,
631 3332 721 3379 nmen
741 3341 771 3378 ro
793 3323 850 3393 ipso
866 3323 1005 3395 indiguum
1022 3324 1198 3391 existimasse,
1224 3322 1249 3381 ri

124 3394 189 3469 quid
205 3393 374 3451 obtrectatori
389 3395 584 3461 responderet“
628 3392 680 3448 Sed
698 3411 713 3445 a
734 3410 764 3460 o,
785 3394 855 3462 quod
874 3393 988 3464 ingenue
1005 3395 1107 3459 fatcor,
1132 3410 1248 3448 nouor-

123 3472 207 3534 pnto,
224 3482 277 3532 qua
293 3464 399 3517 tandm
415 3462 518 3515 rationo
535 3479 567 3515 or
582 3461 612 3515 lr.
628 3462 648 3515 l.
673 3480 722 3530 pro
741 3462 781 3516 ari
803 3463 900 3532 possit,
924 3463 1069 3532 Virgilium
1091 3462 1184 3516 Ansari
1200 3463 1250 3514 ob·

18 3544 21 3549 '
124 3533 260 3589 nwtatori
275 3532 345 3587 nihil
360 3531 536 3618 respondisse,
560 3537 602 3598 et,
628 3532 651 3585 ri
674 3524 742 3585 baec
757 3550 820 3585 vcro
834 3532 919 3586 subsit
935 3534 1077 3598 sententia,
1100 3550 1152 3600 quo
1169 3536 1249 3597 pacto

124 3594 158 3659 aa
174 3621 234 3657 oum
251 3592 464 3671 praccod'outrbur
481 3598 621 3654 conciliari
643 3606 738 3668 questi
761 3601 790 3654 in
814 3619 874 3654 cam
897 3608 985 3656 tanam
1008 3600 1249 3669 interpretationem

124 3673 258 3735 hrudim
283 3671 360 3724 video
384 3670 549 3724 Koioocliam
579 3670 629 3738 (in
646 3672 697 3735 anj.
714 3670 777 3724 adit.
802 3677 843 3724 est
866 3670 1103 3743 ulsg.xxx1u)
1120 3675 1155 3737 ot,
1179 3666 1249 3734 quod

124 3742 212 3811 uagis
228 3741 329 3805 miror,
347 3741 385 3796 lo.
408 3740 444 3793 11.
466 3739 638 3825 Vpuiutmad
654 3739 750 3825 virgil.
775 3740 835 3794 Ecl.
858 3742 904 3794 111.
923 3759 949 3794 v.
967 3741 1011 3795 to.
1027 3757 1054 3807 p.
1071 3737 1132 3822 145Ἰ
1156 3743 1184 3790 et
1199 3738 1248 3792 lll.

124 3827 152 3864 v.
166 3808 210 3864 36.
226 3829 254 3879 p.
270 3810 333 3864 419.
376 3811 454 3862 Hanc
478 3810 785 3877 devotationum,
807 3811 878 3877 qnod
901 3810 1000 3872 roiam,
1025 3807 1139 3876 pervidit
1162 3805 1249 3876 lecolo-

35 3924 38 3928 .
124 3892 237 3935 mmor
261 3879 316 3948 (in
331 3879 383 3945 cni.
407 3879 470 3934 adit.
492 3883 533 3932 est
549 3879 625 3949 lllog.
645 3880 730 3934 111111.
746 3879 778 3932 Ιι.
795 3880 864 3949 nt),
888 3880 932 3932 red
956 3877 1035 3932 solitu
1053 3875 1101 3929 rna
1125 3875 1248 3940 andacia,

124 3966 179 4019 qua
195 3949 365 4018 scaligerum
382 3953 493 4016 must,
509 3948 561 4001 boc
577 3948 728 4014 distichon,
747 3949 836 4017 inepto
853 3950 913 4002 loco
929 3948 1044 4017 porltuur
1058 3962 1116 3998 csso
1128 3961 1249 4013 pronun·-

125 4019 208 4083 tiunr‚
225 4017 350 4071 adnexuit
365 4035 390 4070 v.
408 4018 452 4072 tt.
478 4017 518 4070 ita
534 4018 660 4086 scriptum
685 4023 712 4072 ot
735 4035 796 4071 curn
819 4036 872 4086 seq.
890 4018 1055 4084 copulatums
1084 4016 1141 4069 Nec
1165 4016 1250 4067 minor

126 4088 296 4151 hirocinii,
322 4093 385 4152 aot,
409 4088 559 4159 rimioor,
578 4106 623 4141 orc
647 4105 757 4141 canorus
780 4084 886 4146 Amserir
910 4087 1012 4138 indocto
1037 4087 1151 4137 monice
1173 4085 1250 4137 cessit

126 4158 196 4223 otor,
215 4159 257 4210 ub
274 4157 346 4208 conio
362 4157 477 4209 umbrosi
493 4160 561 4220 ctc.;
584 4156 624 4210 ita
641 4158 712 4210 onim
736 4155 797 4210 inm
814 4156 952 4211 mutuos
966 4150 1083 4206 voluisse
1104 4156 1133 4208 b.
1150 4155 1248 4220 locum,

126 4227 190 4281 licet
205 4225 233 4280 ln
249 4230 324 4280 textu
339 4231 402 4288 aut,
419 4226 442 4277 ri
459 4227 543 4278 minor
558 4243 617 4290 ora,
634 4227 750 4279 macodo
766 4228 889 4295 logium,
905 4228 978 4292 putot
991 4239 1024 4275 er
1036 4223 1139 4293 corrig.
1151 4224 1250 4292 pm.

126 4295 623 4365 &mowtmmomustpm
641 4292 1171 4366 codicun‚,partlrnostriuioororc‚
1188 4310 1251 4363 par-
