2768 4838
104 277 183 351 uuo
354 300 409 357 nu
433 301 465 355 o.
489 301 653 353 vanarn
678 302 975 367 nunouoaru.

104 457 238 530 suffecti
265 474 392 527 nomeu
416 458 541 552 legitur
567 457 602 527 iu
622 457 761 552 Fragm.
796 458 976 529 Fastorum
1002 483 1059 553 ap.
1084 458 1223 531 Gruter.

101 559 427 659 p.ccxcv1ss.l.
1220 622 1223 627 .

352 663 423 735 SU
446 663 487 734 F.
514 660 555 734 G.
581 660 833 732 VALGIUS
859 661 900 737 0.
924 664 967 735 F.

355 826 361 835 .
488 763 529 834 0.
557 765 839 837 CANINIUS.

102 868 197 941 Hub.
220 867 373 949 Goltzius
392 867 427 937 in
445 867 555 938 Fastis
575 891 618 937 ex
631 871 732 940 Num.
748 871 850 959 antiq.
874 869 1071 961 (Antuerp.
1089 860 1225 959 l'olt.)

103 995 241 1045 numum
257 973 390 1065 profert
402 995 439 1064 p.
457 971 563 1058 214,
588 972 623 1040 in
639 972 734 1066 cujus
749 972 892 1042 adversa
908 981 1005 1065 parte
1022 971 1226 1062 conspicitur

104 1076 364 1169 eaputuunonis
380 1072 599 1162 Lanuvinae,
618 1073 710 1168 pelle
731 1078 868 1169 caprina
887 1077 1062 1161 amictum,
1088 1075 1142 1141 cui
1161 1074 1227 1141 ad-

104 1181 288 1271 scriptume
308 1176 490 1247 Suiurnin
510 1177 653 1272 Rusuo;
678 1179 845 1255 inavcrsa
857 1190 956 1272 parte
976 1180 1090 1270 figura
1109 1186 1228 1269 togata

105 1305 219 1352 ercam
238 1281 417 1373 porrigens
439 1282 569 1375 ingenti
590 1281 754 1374 serpenti,
787 1282 821 1350 in
842 1305 948 1377 gyros
974 1282 1228 1366 circumvoluto,

105 1408 166 1454 ura
188 1385 404 1471 intermedie,
437 1407 665 1477 superquam
686 1395 795 1453 crater
817 1387 966 1477 amplus,
998 1383 1057 1452 ubi
1085 1384 1228 1476 legitura

25 1545 27 1549 ι
110 1487 151 1559 C.
175 1487 329 1580 Valgius
348 1486 387 1560 Ο.
402 1486 444 1561 F.
470 1487 514 1582 Q
530 1486 577 1557 N.
604 1489 672 1556 Hie
692 1511 812 1557 numus
832 1491 947 1557 visitur
963 1488 1062 1556 etiam
1079 1487 1115 1554 in
1128 1487 1229 1554 The-

107 1614 206 1661 sauro
230 1589 446 1659 Morelliano'
462 1590 650 1660 Amstelod.
691 1589 804 1659 1734.
841 1593 929 1660 inter
956 1592 1059 1661 Num.
1089 1589 1227 1658 Consul.

106 1694 197 1765 Tab.
214 1681 372 1760 XXXIV.
388 1690 466 1779 15,
491 1694 550 1769 ubi
562 1694 819 1786 Havercumpus
837 1695 881 1762 T.
896 1694 937 1760 11.
954 1717 989 1785 p.
1004 1691 1091 1760 633.
1115 1693 1228 1783 suspi-

108 1807 220 1883 catur,
244 1794 402 1887 Valginm
416 1806 556 1888 gentem
576 1795 714 1886 aliquod
735 1797 960 1867 sacerdotium
977 1796 1134 1865 habuisse
1154 1796 1227 1891 1¹³5

107 1900 215 1986 nuvii,
240 1906 276 1967 et
292 1909 479 1992 propterea
498 1922 563 1992 pro
582 1902 699 1993 puella
719 1902 829 1969 uirum
853 1902 1046 1968 Romanum
1069 1906 1226 1990 togatum

106 2003 219 2072 velato
250 2002 361 2093 capite
389 2003 527 2094 depingi
556 2004 652 2093 quasi
678 2026 792 2072 escam
814 2003 953 2071 draconi
987 2003 1229 2094 porrigentem.

105 2105 196 2177 Hinc
209 2104 368 2197 Valgius,
394 2104 434 2173 G.
458 2104 589 2174 Caninii
608 2107 726 2175 Rebili
743 2106 893 2198 collega,
919 2130 940 2173 a
962 2105 1174 2195 Glandorpio
1193 2104 1230 2171 in

108 2202 283 2297 Onomaet
296 2231 332 2301 p.
338 2201 425 2276 878.
439 2209 645 2279 nominatur:
672 2207 711 2278 Ο.
731 2208 887 2302 Valgius
902 2208 940 2280 G.
949 2208 989 2278 F.
1006 2207 1230 2292 Saturninus,

107 2321 142 2380 ei
153 2310 296 2405 Pighius
310 2311 430 2380 Annal.
445 2334 475 2379 a.
490 2309 536 2384 U.
553 2311 593 2386 C.
610 2310 697 2384 741.
717 2337 753 2406 p.
767 2310 853 2381 522.
867 2313 946 2380 huic
960 2312 1083 2403 Valgio
1102 2310 1230 2401 duplex

26 2430 28 2436 ’
107 2436 299 2507 cognomen
312 2413 415 2483 fuisse
435 2409 525 2484 dicit.
577 2415 733 2505 Uterque
752 2417 812 2484 Vir
825 2416 955 2484 Doctus
973 2415 1132 2484 eumdem
1144 2413 1230 2480 Val-

106 2519 201 2611 gium
222 2539 296 2586 esse
317 2516 499 2602 existimat,
525 2517 584 2605 qui
605 2541 626 2584 a
645 2519 752 2585 Plinio
770 2519 816 2586 H.
836 2520 879 2586 N.
902 2518 980 2587 Lib.
999 2517 1107 2588 XXV.
1129 2515 1164 2586 2.
1184 2515 1229 2583 Τ.

106 2620 184 2689 Vll.
208 2644 244 2713 p.
268 2617 355 2690 631.
374 2619 432 2687 Fr.
455 2618 587 2688 dicatur
608 2619 808 2713 C.'Valgius
837 2621 1021 2688 eruditione
1049 2627 1230 2711 spectatus,

36 2788 42 2795 .
107 2723 177 2813 qui,
203 2733 242 2791 ut
253 2722 379 2790 Plinius
400 2723 462 2810 ait,
487 2745 572 2791 unus
594 2722 770 2793 illustrium
792 2725 930 2793 tentavit
947 2733 1026 2815 post
1045 2723 1099 2792 M.
1122 2722 1232 2791 caro-

107 2848 186 2894 nem
203 2826 247 2893 de
261 2826 445 2894 herbarum
458 2848 522 2895 usu
537 2826 686 2897 scribere
700 2828 900 2922 imperfecto
912 2829 1080 2896 volumine
1100 2824 1146 2892 ad
1165 2825 1231 2893 Di-

102 2966 321 2989 ·--—
958 2950 971 2999 r

111 3025 210 3079 Gnlbn
244 3026 309 3079 Siue
324 3024 444 3081 lectioni·
459 3025 588 3080 varietate
602 3043 698 3081 nomen
719 3029 748 3084 c.
763 3027 868 3081 Caninii
879 3027 966 3080 Rebili
980 3027 1115 3093 cujusdem
1130 3025 1231 3096 legitur

109 3112 154 3164 up.
168 3094 277 3149 Livium
292 3090 366 3149 Libr.
380 3095 463 3150 xm
478 3115 502 3150 c.
517 3097 553 3150 28
570 3102 597 3149 et
613 3097 657 3150 31.
674 3096 737 3149 Pori
754 3098 834 3149 modo
851 3095 1010 3150 interlitos
1026 3099 1126 3151 Doctoe
1142 3097 1230 3160 diupu-

8 3221 10 3226 ,
109 3170 200 3230 tatur,
225 3165 339 3218 lueritne
354 3156 411 3231 illd,
435 3167 511 3232 cuju·
532 3183 613 3234 supra
636 3167 794 3218 mentionem
816 3167 885 3230 ieci,
909 3166 1006 3217 (ionem
1029 3183 1054 3219 o.
1071 3168 1104 3219 U.
1122 3168 1151 3229 C.
1168 3165 1231 3219 utu.

110 3234 196 3295 dictur
212 3235 243 3291 P.
261 3233 393 3303 Sulpiciae
411 3235 536 3301 Qnirinm
550 3252 584 3289 au
603 3236 744 3301 Quirinius.
778 3236 804 3288 le
820 3241 929 3302 putetur
952 3252 1009 3286 nese
1032 3236 1129 3305 Syriae
1152 3253 1232 3303 prae·

109 3304 212 3370 lemur,
233 3305 283 3357 rub
301 3320 352 3371 quo
370 3303 441 3357 circu
458 3303 557 3358 Christi
571 3306 671 3358 nutelee
687 3322 734 3371 per
749 3303 890 3372 imperium
916 3304 1068 3358 Romanum
1090 3313 1117 3359 et
1131 3306 1232 3358 Judae-

109 3388 261 3429 ameenmr
275 3373 385 3427 habitur
411 3378 466 3438 est,
484 3381 592 3427 auctore
608 3374 711 3442 Evang.
727 3374 800 3427 Luce
817 3392 840 3426 c.
858 3375 885 3426 2.
903 3373 938 3428 el.
973 3375 1060 3428 ldeler
1077 3372 1114 3428 ini
1134 3374 1233 3427 Hand·

110 3442 176 3494 bueb
195 3442 221 3496 d.
240 3443 365 3496 metiem-
389 3461 415 3496 n.
433 3444 517 3497 teobn.
546 3443 722 3513 chronologia.
754 3444 812 3497 Vol.
836 3442 871 3495 11.
897 3461 924 3510 p.
946 3443 1001 3498 394
1022 3464 1060 3514 eq.
1104 3446 1171 3498 Cum
1195 3445 1231 3496 ab

109 3511 281 3581 Evongelieta
296 3512 423 3581 scriptum
440 3512 491 3585 rita
514 3507 732 3583 ἡγεμονεύοντος
748 3514 856 3582 Συρίας
878 3516 1033 3583 Κυρηνίου,
1056 3515 1162 3568 inerunt
1184 3512 1233 3581 qui

109 3582 250 3648 probatum
268 3581 350 3645 irent,
373 3582 450 3635 illum
468 3582 563 3651 Syriae
578 3583 742 3652 praefectum
765 3601 817 3636 uon
841 3584 993 3649 Quirinum,
1015 3586 1060 3637 eud
1084 3585 1231 3650 Quirininrn

109 3667 167 3704 eree
182 3652 359 3705 nominatumr
381 3650 408 3705 id
426 3653 495 3720 quod
512 3653 569 3722 egli
592 3652 693 3705 Morini
712 3653 769 3706 Atti
787 3653 820 3704 de
833 3655 940 3721 fratelli
959 3656 1055 3707 Acoeti
1074 3655 1108 3709 ll.
1128 3673 1153 3721 p.
1167 3654 1231 3710 787.

109 3720 175 3785 Eine
197 3721 352 3773 sententiam
374 3728 481 3786 mentor
507 3723 553 3776 Fr.
569 3723 711 3776 'Mbnterue
728 3722 756 3775 iu
770 3722 832 3775 libr.
877 3724 931 3776 Der
953 3725 1030 3777 Sieen
1047 3725 1095 3776 der·
1116 3726 1232 3778 Weicen.
1335 3745 1338 3750 ¹

109 3788 205 3856 (blein.
222 3784 317 3858 1821.)
333 3809 360 3858 p.
378 3789 421 3845 91.
438 3791 472 3845 N.
487 3794 500 3824 *
513 3791 528 3823 *
539 3792 578 3846 itu
593 3791 714 3860 scripsitr
740 3794 792 3855 „So
812 3791 892 3846 beint
905 3810 943 3845 ›er
964 3794 1032 3845 nucb
1050 3793 1079 3844 in
1098 3795 1170 3845 einer
1185 3794 1231 3844 ln-

109 3858 217 3924 ecbffl,
242 3860 285 3912 die
308 3860 452 3914 Nucbricbt
498 3861 535 3914 bt
551 3879 602 3914 con
624 3861 670 3915 der
687 3862 814 3914 euboico
830 3863 876 3915 Gn.
897 3863 1026 3915 Domitius
1044 3863 1232 3914 Ahenobarbus

109 3928 165 3980 und
177 3927 237 3978 dem
254 3930 338 3981 Senot
350 3928 405 3982 und
421 3932 469 3984 Vol
502 3931 549 3983 der
563 3931 656 3984 maure
680 3931 727 3984 dee
750 3931 840 4004 Pagus
861 3933 1000 3985 Gurzeneie
1020 3932 1048 3983 in
1067 3933 1160 3997 Africa
1181 3949 1231 4000 ge·

109 3998 270 4050 orbionenen
289 3998 552 4068 Gnetsreundrcbnftr
571 4000 661 4056 ebend.
676 4019 702 4070 p.
713 4000 775 4055 182.
810 4003 874 4055 Scin
893 4004 998 4070 college
1012 4002 1041 4052 in
1060 4003 1120 4053 dem
1134 4001 1232 4052 Cornu-

111 4068 166 4120 luie
180 4066 247 4118 wird
262 4067 291 4119 in
307 4067 354 4120 der
365 4070 488 4137 lneebrisi
508 4070 536 4123 C.
561 4070 672 4140 Valgius
691 4079 818 4141 genennt.
854 4072 946 4125 Dieeer
964 4087 1021 4123 mur
1038 4071 1149 4122 nemlicb
1163 4070 1232 4123 necle

111 4136 170 4190 dem
192 4136 265 4190 Yode
281 4136 326 4189 deo
343 4138 466 4191 mitilene
491 4147 579 4192 enecet
601 4148 745 4194 ernonnten
771 4142 876 4193 Consule
902 4142 940 4194 M.
970 4141 1090 4192 Valerius
1115 4140 1233 4193 Merrulu

111 4206 244 4258 Barbatus
257 4206 466 4260 Aemilinnueim
479 4208 617 4262 iubetur.
646 4210 740 4262 Consul
752 4212 873 4279 suffectus
880 4228 890 4272 3
915 4212 943 4262 S.
970 4210 1133 4263 Aimeloocen
1158 4207 1234 4263 Festi

111 4274 267 4400 m
280 4273 402 4386 [ΙΨ
430 4276 503 4331 bunt
518 4278 633 4357 oliorum
647 4280 775 4351 mlogia
789 4277 927 4334 dominnm
943 4280 1036 4335 eumn
1051 4286 1082 4334 ut
1098 4295 1234 4336 memsam
