2768 4838
387 304 447 355 un
472 305 598 376 nmo
621 292 836 355 su-r'rrnro
861 286 1016 354 rosal.
1173 264 1256 354 ¹388

128 469 239 548 opera
254 450 301 523 ob'
315 448 554 548 praestaniiam
567 455 715 548 reposita
737 455 880 525 erantin
894 444 1256 525 bibliotheea'dne'ca
1318 481 1324 492 ·

132 573 168 628 et
179 561 316 644 Latina,
344 580 447 648 quam
462 561 634 652 Augustus
649 560 684 627 in
700 558 833 650 porticu
845 548 964 650 templi
977 556 1144 650 Apollinis
1159 580 1189 627 a
1207 558 1256 630 U.

134 662 174 732 C.
192 662 278 731 726.
294 663 328 729 in
343 672 459 730 monte
473 663 628 731 Palatino
638 661 790 731 'dedicati
805 663 1004 730 instituerat:
1030 660 1098 735 vid.
1115 662 1254 731 Suetou.
1305 703 1312 718 ·

133 764 255 834 octav.
273 788 302 834 c.
316 764 377 836 29.
396 764 487 833 etde
504 766 624 835 illustr.
641 765 701 834 Gr.
719 789 748 833 ct
761 763 825 832 20.
849 773 883 831 et
902 778 1000 854 quae,
1014 774 1152 855 praeter
1164 766 1255 834 Liir-

131 868 261 937 senium
277 869 321 937 de
335 868 464 960 templo
476 877 511 936 et
522 867 728 937 bibliotheca
745 866 911 959 Apollinis
924 867 1076 935 Palatini.
1083 866 1253 958 Francqu.

131 971 263 1059 1719„
291 973 519 1040 disseruerunt
539 972 582 1040 de
603 973 660 1040 iiia
685 970 890 1039 bibliotheca
909 967 949 1039 C.
968 968 1042 1036 Pea
1064 970 1110 1038 ad
1130 972 1250 1044 Horat.

133 1074 247 1144 Carni.
264 1076 362 1143 Saec.
379 1098 411 1142 ι.
430 1071 490 1142 65.
507 1083 543 1142 ct
559 1076 735 1143 Passovius
750 1075 794 1141 ad
808 1075 915 1141 Persii
928 1072 1000 1142 Sat.
1014 1070 1040 1138 i.
1055 1096 1090 1164 p.
1109 1071 1252 1140 216-

132 1177 219 1245 218.
270 1178 310 1245 ln
331 1177 422 1245 hunc
435 1186 573 1269 poetam
594 1178 794 1270 plagiarium
814 1176 976 1243 Horatius
995 1177 1252 1245 accommodate

131 1280 288 1349 transfert
311 1281 440 1371 Aesopi
469 1282 636 1366 fabulam,
675 1294 778 1369 quum
809 1278 922 1346 adhuc
950 1277 1134 1345 invenimus
1158 1278 1251 1370 apud

131 1383 326 1457 Phaedrum
347 1384 546 1452 imitatorem
567 1382 809 1456 nibella,
862 1381 917 1465 Ex
937 1379 999 1447 his¹
1014 1389 1127 1447 autem
1150 1381 1250 1450 facile
1330 1384 1334 1393 “
1380 1382 1382 1387 ’

132 1476 274 1576 quisque
291 1488 472 1578 intelliget,
504 1510 606 1577 quam
629 1485 847 1577 contemptim
868 1483 1028 1552 Horatius
1050 1482 1093 1550 de
1115 1485 1251 1579 poetica

129 1589 289 1658 facultate
314 1589 404 1658 Celsi
423 1589 557 1677 sentiat,
594 1612 696 1680 quam
718 1590 841 1657 acerba
865 1586 1052 1656 urbanitate
1068 1608 1146 1653 usus
1171 1608 1250 1655 eum

131 1695 273 1784 castiget
286 1703 320 1760 et
334 1694 378 1760 ab
392 1693 482 1784 turpi
495 1693 738 1783 inhonestaque
752 1686 937 1759 studiorum
953 1690 1099 1774 ratione,
1126 1698 1164 1756 ut
1173 1689 1249 1782 jam

131 1795 210 1863 alias
227 1796 373 1879 fecerat,
400 1797 499 1864 etiam
514 1797 682 1886 perhanc
702 1795 746 1861 ad
761 1793 889 1862 dulium
906 1793 1045 1860 Florum
1060 1791 1250 1887 Epistoiam

130 1921 273 1965 avocare
290 1844 431 1964 studeat.
457 1897 743 1964 Honorificentius
755 1919 833 1964 sane
842 1895 885 1962 de
894 1895 974 1963 Τιιιι
983 1896 1159 1993 Septimii
1150 1918 1249 1988 mge-

130 2001 186 2067 nio
200 1999 385 2086 studiisque
398 1999 539 2089 poeticis
548 1998 690 2090 judicat
718 1997 832 2066 Nihilo
846 1999 1072 2097 tamensecius
1079 1998 1225 2090 partim
1215 2020 1250 2067 ιιι

129 2102 262 2188 verbis,
296 2123 383 2189 quae
406 2123 574 2193 praesaga
594 2103 696 2171 veluti
714 2112 828 2170 mente
846 2101 969 2170 effatur
988 2122 1019 2170 ι.
1034 2099 1069 2169 9.
1097 2100 1249 2192 „littus

129 2203 298 2272 Romana
321 2202 420 2271 brevi
440 2206 638 2272 venturos
624 2228 661 2274 m
685 2211 789 2291 ora“,
821 2194 945 2297 partim
972 2206 1006 2271 in
1027 2202 1250 2272 describenda

129 2308 254 2398 poetici
282 2306 354 2399 ejus
383 2307 481 2375 studii
501 2309 628 2376 ratione
651 2309 729 2401 pius
752 2308 983 2384 cavillationis,
1019 2328 1121 2395 quarn
1146 2329 1247 2375 verae

129 2411 236 2478 landis
251 2411 349 2496 inest,
366 2411 412 2477 ita
427 2419 466 2478 ut
479 2410 574 2478 iilum
586 2411 767 2503 vituperari
782 2412 895 2501 potius
911 2411 955 2478 ab
969 2408 1129 2497 Horatio,
1146 2431 1250 2499 quam

129 2515 266 2604 probari
284 2524 457 2605 appareat.
509 2516 632 2605 Neque
651 2515 740 2582 enim
760 2513 939 2601 Horatios,
964 2513 1104 2604 ingenui
1129 2512 1248 2580 candi-

130 2616 232 2719 dique
249 2617 347 2684 animi
361 2619 430 2703 vir,
456 2617 484 2685 is
499 2627 587 2702 crat,
614 2619 671 2708 qui
691 2619 757 2686 suis
773 2618 906 2703 amicis,
934 2638 1022 2708 quae
1042 2616 1104 2683 sibi
1127 2614 1247 2707 displi-

130 2728 244 2787 ce'rcnt
269 2742 424 2809 quaeque
450 2719 675 2838 improbaret,
708 2720 930 2787 dissimularet
958 2740 1086 2807 eosque
1108 2719 1246 2793 celaret.

93 2809 103 2822 ⁸
128 2822 180 2890 ita
202 2822 333 2890 etiam
323 2843 357 2887 tn
372 2821 483 2907 Titio,
510 2823 618 2889 emico
636 2845 715 2908 suo,
741 2831 897 2923 nontam
920 2821 1066 2888 studium
1089 2820 1245 2912 poeseos,
1288 2866 1294 2874 ·

128 2946 243 3017 perse
257 2932 464 3016 spectatum,
490 2924 709 3016 improbavit,
737 2946 839 3013 quam
861 2901 990 2992 urbane
1012 2946 1089 2990 eum
1108 2925 1247 2991 vellica·
1301 2914 1305 2925 ⁴

127 3029 192 3112 vit,
228 3027 321 3117 quod
343 3025 485 3118 grandia
506 3029 616 3094 statim
644 3036 804 3095 tentasset
826 3035 859 3095 et
890 3029 1032 3096 fortasse
1055 3048 1092 3093 se
1111 3023 1247 3093 Pindari
1314 3116 1320 3129 .

109 3132 364 3213 *sublimitatem
384 3130 629 3199 aemulatorum
658 3140 693 3198 et
716 3140 946 3199 assecuturum
969 3140 1042 3197 esse
1070 3129 1171 3197 nimia
1196 3129 1248 3196 sui
1339 3200 1343 3217 ,

130 3234 330 3302 confidentia
354 3232 474 3301 ductus
498 3232 682 3326 jactasset,
722 3243 755 3303 et
779 3233 873 3323 quod
894 3232 1040 3299 animum
1061 3232 1132 3299 sine
1153 3231 1247 3325 justa

128 3335 206 3400 artis
227 3336 428 3405 dramaticae
450 3334 592 3428 ejusque
615 3339 731 3430 legum
757 3337 873 3404 notitia
895 3334 939 3403 ad
958 3333 1151 3403 scribendas
1174 3333 1247 3401 tra·

127 3437 267 3528 goedias
288 3439 513 3529 applicuisset.
564 3441 683 3531 itaque
705 3441 835 3510 dulium
854 3439 994 3507 Florum
1016 3438 1076 3507 ita
1087 3438 1131 3505 de
1154 3436 1246 3504 'litio
1333 3440 1337 3447 '

128 3539 210 3630 quid
225 3549 305 3631 agat
318 3542 519 3633 interrogat,
545 3554 583 3611 ιιι
595 3542 686 3612 hunc
701 3541 854 3613 derideat
866 3541 979 3634 potins
994 3548 1029 3608 et
1044 3539 1245 3627 ludificetur,

128 3666 232 3733 quam
258 3643 373 3711 laudet
402 3654 436 3711 et
463 3644 507 3711 ad
538 3645 811 3738 persequendum
836 3645 919 3714 iilud
944 3643 1090 3712 studium
1114 3643 1246 3713 excitet.

126 3748 222 3833 Hoc,
249 3746 342 3836 quod
358 3748 472 3815 Acron
494 3757 528 3817 et
543 3749 785 3842 Porphyrion
766 3770 840 3842 Jam
856 3755 1116 3845 perspexerunt,
1145 3744 1246 3813 etiam

126 3851 351 3971 singulorum·
356 3851 537 3918 verborum
560 3852 711 3922 delectus
734 3852 916 3920 clarissime
939 3850 1050 3919 docet.
1109 3847 1245 3916 Etenim

125 3973 190 4043 pro
209 3976 267 4038 eo,
295 3954 352 4042 qui
373 3976 441 4022 non
458 3952 589 4023 dubitat
600 3955 785 4025 Pindarum
798 3954 947 4022 versibus
971 3950 1091 4020 imitari
1107 3949 1244 4040 honis,

125 4056 248 4143 quod
239 4079 318 4179 (ρει.
293 4057 512 4124 Horatio'
481 4080 588 4127 usum
607 4066 657 4128 cst
674 4058 908 4128 difficillimum
929 4054 999 4127 Od.
1017 4052 1245 4140 2.Ltbr.1v.‚

125 4157 223 4226 dixit:
257 4161 318 4251 qui
336 4182 405 4229 non
425 4162 618 4252 expalluit:
653 4185 725 4256 qno
755 4172 790 4233 et
817 4161 967 4255 operis
948 4157 1180 4229 difficultatem
1211 4165 1248 4223 et

123 4258 284 4352 imprimis
300 4273 425 4355 poetae
438 4265 636 4336 aemulantis
652 4269 840 4345 vanitatem
852 4250 1037 4353 falsamque
1051 4268 1087 4329 et
1099 4268 1248 4329 temera

715 4556 724 4591 l
