2768 4838
38 150 198 295 ,484
364 149 368 161 ι
570 222 822 276 snnnx·

153 371 210 425 Dur
227 368 359 439 Cynthiae
379 368 486 422 nomine
510 369 663 438 Propertius
703 367 833 425 Dominae
857 369 978 427 dicuntur
1002 375 1106 442 puellae
1128 379 1249 441 amatae,

153 457 214 496 enm
226 441 341 492 celebret
347 436 374 493 4.
381 441 406 494 7.
413 438 499 507 neptis
506 440 559 494 tuit
570 441 662 494 Hostii
738 456 833 493 uxores
848 447 876 494 et
891 448 989 495 matres
998 444 1122 498 -iamitins
1139 445 1204 502 472.
1268 473 1273 485 ·

153 516 247 578 poetae
270 513 288 564 6
310 526 349 575 sq.
380 508 438 562 eins
462 515 537 577 pater
557 511 661 578 quande
702 509 818 564 Domitia
833 509 914 579 geisa,
940 513 1044 578 piebeja
1066 515 1111 567 sed
1134 515 1248 583 antiqua

152 578 247 633 vixerit
263 581 288 633 7.
303 578 408 646 qnando
425 594 485 630 earn
497 590 591 632 amare
601 595 661 632 eoe-
735 576 795 639 244.
820 597 836 630 6
852 597 905 648 qua
925 581 993 635 duae
1015 582 1146 650 imprimis
1161 585 1255 653 fumi-¹

152 647 223 716 perit
244 647 398 716 Propertius
421 649 446 701 8.
476 642 529 702 tsiit
556 649 660 718 poetica
734 647 787 700 bae
814 647 991 704 inclaruerunt
1012 653 1076 707 ibid.
1101 653 1130 706 in
1152 659 1246 708 utrnsn

151 719 279 771 facultate
300 715 411 785 insignis
426 718 452 771 6.
475 719 533 771 eius
554 719 660 773 nemine
732 716 866 771 familiam
888 719 967 773 huius
996 722 1081 788 gentis
1106 723 1245 777 Domitius

151 787 250 839 tibrum
272 785 294 838 1.
319 785 476 856 Elegiarusn
505 788 659 857 Propertius
733 785 838 841 Marsus
853 794 931 857 poeta
945 790 1091 859 adscriptus
1099 791 1189 858 ,tuerit
1200 793 1244 847 in-

149 855 286 926 insignivit
301 858 362 910 262.
733 861 834 909 nertunr
850 858 912 910 ibid.

344 938 352 966 s
696 924 831 983 Domitldd
843 926 916 997 Ater,
933 926 1129 993 Nemorensis,
1147 933 1242 984 orator

332 1033 393 1102 Ι..
728 994 1241 1064 .

655 1188 658 1195 ,
686 1142 688 1147 ’
727 1133 784 1185 eius
801 1151 872 1187 mors
887 1131 947 1189 247.
962 1136 1066 1206 scripsit
1081 1138 1133 1190 dne
1149 1137 1239 1193 libros
1276 1140 1279 1151 '

72 1198 205 1272 sDatisi
229 1204 257 1253 at
272 1200 337 1264 Abi.
357 1200 462 1254 termae
483 1198 512 1252 in
535 1217 550 1253 e
566 1203 592 1253 et
608 1200 620 1253 ι’
635 1216 654 1255 6
728 1203 761 1254 de
776 1202 902 1258 Testibus
917 1205 979 1259 ibid.
1295 1267 1297 1276 Α

147 1275 213 1327 vett.
227 1270 329 1324 hannis
347 1270 499 1339 promiscue
517 1269 654 1324 adhibitae
694 1270 826 1327 Domitius
847 1274 966 1338 Marsus,
996 1279 1088 1342 poeta„
1117 1275 1238 1329 Praeno-

146 1343 190 1396 56.
728 1359 788 1394 men
806 1341 862 1395 eius
878 1341 1040 1413 incognitum
1060 1341 1120 1399 244.
1152 1345 1237 1399 Cuius
1262 1350 1269 1359 “

64 1410 289 1534 (Det-prggos.
303 1408 345 1462 sis
367 1398 500 1462 inverbis
521 1408 671 1478 composi*
727 1411 1038 1535 466611166661666ὴ2ὲ41.
1060 1414 1237 1536 &pff-tgr?-

157 1497 179 1531 ss
248 1517 256 1535 .
727 1497 850 1548 regrmae
865 1499 905 1533 arr
927 1499 953 1545 su
1005 1500 1073 1536 ussse
1089 1503 1098 1535 s
1117 1504 1125 1537 s
1146 1501 1235 1536 .sem

96 1548 235 1606 ,Decimus
266 1546 410 1614 Laberius,
450 1545 652 1617 mimogmphus
728 1547 857 1604 incertum
875 1499 1012 1613 ingutram
1034 1552 1120 1619 gentis
1140 1548 1235 1607 Do'mi·

142 1620 195 1675 333
209 1635 248 1687 sq.
527 1611 530 1626 ¹
554 1684 556 1689 Ι
727 1618 782 1671 tiae
812 1619 945 1673 inmitium
974 1621 1055 1675 tuerit
1084 1622 1234 1692 adscriptus

43 1688 249 1760 sDaflngere
265 1693 292 1740 et
309 1687 448 1756 diffingere
463 1687 524 1741 338.
553 1692 555 1697 ’
603 1754 607 1758 .
714 1685 786 1742 244.
809 1690 913 1755 quande
935 1688 1031 1742 vixerit
1056 1708 1073 1744 a
1095 1696 1161 1745 vett.
1179 1709 1233 1747 nou

31 1813 36 1827 ¹
107 1757 204 1817 Datis.
220 1774 284 1810 vero
301 1757 406 1810 nomine
419 1757 528 1822 Plania,
545 1754 650 1823 Tibulli
706 1789 708 1793 <
724 1756 849 1810 traditum
865 1760 928 1823 ibid.
946 1759 998 1811 tuit
1011 1760 1117 1828 Virgilii
1132 1767 1160 1820 et
1172 1762 1232 1814 Ho-

142 1826 230 1879 amica
245 1824 271 1881 4.
289 1825 350 1881 413.
725 1825 788 1878 retii
805 1826 922 1894 aequalis
935 1827 995 1882 245.
1017 1830 1115 1883 mirum
1131 1830 1232 1884 utrius-

104 1896 269 1959 Dematrius‚
287 1895 395 1965 Horatii
410 1895 569 1948 obtrectator
584 1895 646 1963 283.
724 1897 814 1963 quade
826 1897 994 1951 eositcntium
1000 1898 1071 1952 ‘idid
1085 1901 1231 1954 curHora-

140 1964 192 2018 tuit
208 1966 355 2031 phonascus
367 1967 427 2020 285.
439 1964 551 2017 tortasse
566 1963 646 2017 etiarn
723 1967 775 2017 tius
782 1966 813 2017 de
825 1984 856 2019 eo
870 1973 956 2020 tacere
964 1965 1084 2021 videatur
1094 1969 1155 2023 268.
1169 1969 1230 2022 Vir-

140 2035 176 2087 ab
200 2032 481 2102 Augustamnicam
504 2032 564 2088 284.
594 2049 646 2100 que
722 2035 937 2102 gilientTibutto
950 2037 1109 2090 amicustuit
1120 2038 1181 2092 245.
1197 2057 1229 2091 6-

52 2126 57 2133 ·
138 2120 216 2156 sensu
240 2103 330 2156 simine
352 2105 386 2155 ab
405 2101 519 2156 Horatio
543 2100 647 2156 dicatus·
721 2111 813 2173 troque
829 2107 1031 2172 superstess'did.
1043 2109 1229 2163 canusmortis

138 2174 200 2229 289.
219 2173 281 2227 290.
305 2174 410 2239 quatem
434 2189 496 2224 eum
519 2171 646 2224 Horatius
721 2173 778 2225 eius
793 2173 940 2242 incognitus
961 2176 1023 2227 ibid.
1048 2177 1153 2244 scripsit
1167 2195 1228 2230 car-

138 2241 270 2295 desoribat
294 2244 353 2296 283.
379 2243 491 2295 fortasse
512 2258 645 2300 successor
719 2242 792 2296 mina
816 2243 890 2309 apice
911 2249 939 2297 et
969 2244 1087 2312 elegiaca
1109 2249 1162 2301 257
1184 2265 1225 2314 sq.

46 2342 48 2346 ι
136 2310 249 2382 Tigettii
269 2311 297 2364 in
313 2313 404 2365 schola
424 2312 567 2365 mimarum
583 2311 644 2365 303.
719 2313 780 2368 260.
807 2315 945 2365 Amazonis
967 2314 1023 2366 aius
1045 2315 1096 2368 tuit
1116 2318 1236 2368 carmen

52 2429 53 2433 ,
82 2429 84 2434 ,
121 2381 251 2448 ·Spohnii
267 2382 300 2435 de
319 2382 371 2434 hoc
388 2380 524 2435 Danetrie
540 2388 642 2434 senten-
718 2381 821 2446 epicum
844 2384 907 2436 ibid.
939 2377 1079 2448 Melaenis,
1114 2401 1221 2436 carmen

136 2450 251 2506 116290.
528 2513 533 2519 ,
717 2451 865 2518 elegiacum
881 2454 934 2506 260
951 2470 990 2519 sq.
1017 2452 1142 2504 curitlud
1158 2453 1221 2504 Me-

100 2519 250 2572 Demetrius
266 2520 362 2588 Megas
381 2520 443 2574 290.
715 2518 826 2571 leonidis
848 2522 954 2572 nomine
978 2521 1134 2592 inscripserit
1154 2523 1217 2577 262.

99 2590 263 2654 Demetrius,
285 2588 408 2655 Pompeii
432 2587 470 2639 Μ.
487 2583 595 2636 tibertus
612 2589 638 2638 et
714 2587 810 2641 nobilis
822 2590 937 2642 maxime
947 2582 1143 2659 epigrammatis
1154 2608 1220 2643 uon-

134 2675 220 2710 comns
236 2655 297 2712 442.
319 2674 371 2709 666
388 2661 428 2709 est
443 2653 550 2709 Horatii
565 2653 637 2707 Mal·
713 2672 857 2724 nnmquam
874 2658 1038 2729 longioribus
1055 2667 1081 2713 et
1097 2661 1221 2726 petulan-

83 2790 92 2796 ..
133 2727 227 2779 chinus
244 2725 329 2780 445,
366 2752 368 2758 ·
712 2726 823 2780 tiorihns
851 2725 912 2782 248.
945 2730 998 2782 250
1018 2747 1057 2797 sp.
1091 2731 1223 2784 Fabeltae

93 2795 252 2871 ‘Demissicia
268 2795 357 2848 tunica
373 2793 426 2850 442
442 2810 481 2863 eq.
712 2795 822 2850 Domitii
834 2798 925 2862 quates
937 2796 1035 2851 tuerint
1047 2799 1107 2854 263.
1121 2800 1222 2866 scripta

95 2867 291 2928 Demochares,
326 2871 415 2918 orator
444 2872 471 2918 et
497 2861 638 2918 historiens
713 2867 747 2919 ab
765 2883 796 2918 eo
813 2867 925 2933 pedestri
938 2866 1056 2921 cretione
1071 2870 1221 2934 composita

129 2937 182 2991 393
199 2952 237 3003 sq.
451 2952 454 2961 ¹
712 2937 764 2990 263
788 2954 825 3002 sq.
848 2935 904 2987 eius
926 2935 1089 3002 epitaphium
1114 2939 1219 2992 Tibulli

53 3005 223 3072 ,surrigere
240 3008 267 3057 et
283 3003 400 3074 dirigere
416 3003 459 3061 67.
624 3050 626 3057 .
713 3001 815 3070 26466.
833 3011 860 3057 et
873 3003 1146 3073 reliqnascriptorum
1161 3007 1218 3062 eins
1255 3058 1259 3074 ,

91 3074 235 3129 Deseesire
251 3075 319 3130 336.Ι
709 3074 861 3142 fragmenta
876 3071 930 3129 264
947 3103 980 3114 -
996 3075 1059 3130 269.

39 3180 42 3186 ,
60 3140 200 3199 “niccre
213 3144 258 3198 25.
675 3142 763 3196 Durus
780 3149 857 3212 poete
876 3145 937 3224 211.

92 3208 284 3270 Διδασκαλικᾶ
299 3209 369 3275 Ascji
384 3210 428 3266 46.
667 3256 669 3261 .
785 3227 786 3243 ¹
1099 3264 1102 3277 ,

57 3281 73 3345 Α,
90 3283 254 3353 Dittringera
271 3286 297 3335 et
313 3278 461 3348 defringere
477 3279 538 3336 338.
921 3287 953 3355 Ε
1047 3321 1050 3327 ·

52 3344 68 3371 ‘'
90 3354 184 3422 Digitc
197 3356 276 3419 caput
290 3346 475 3417 scalperetst
490 3365 528 3415 sq.
599 3385 600 3390 ,

89 3419 240 3476 Dinarchus
262 3408 480 3490 Δημοσθένηςό
503 3415 631 3484 κρίθινος
670 3417 793 3472 Eonudes
807 3434 898 3473 versus
914 3417 956 3476 64.

123 3494 185 3548 218.
672 3487 773 3556 Helega
798 3489 860 3554 qnid
882 3488 1011 3558 significet
1032 3492 1069 3545 20
1086 3507 1124 3557 aq.
1151 3491 1212 3548 366.

86 3557 232 3630 Dionysius
247 3558 348 3612 Atticus
363 3557 424 3612 234.
620 3536 657 3585 s
693 3557 774 3609 'unde
795 3566 823 3610 et
838 3577 885 3612 cur
908 3561 960 3612 hoc
984 3577 1078 3613 nomen
1101 3561 1212 3615 Horatii

86 3631 231 3699 Dionysius
245 3624 484 3682 Halicarnassensis
499 3642 565 3691 qnos
580 3641 627 3680 an·
706 3625 801 3679 Satiris
817 3634 843 3680 et
859 3627 941 3693 Epist.
968 3631 1012 3696 [et
1030 3629 1103 3700 Virg.
1121 3630 1210 3684 Buco-

121 3709 206 3754 ctores
222 3701 357 3752 Marones
374 3704 478 3750 secutus
493 3695 528 3749 sit
543 3692 587 3752 94.
703 3695 776 3764 licis]
793 3696 945 3766 impositum
961 3704 1005 3753 20.

85 3769 210 3836 Dirigere
226 3776 252 3822 et
268 3767 387 3836 derigere
404 3768 446 3820 67.
667 3763 819 3834 Eclogrrit,
852 3767 885 3818 de
912 3768 977 3822 locis
1008 3767 1207 3838 insignioribus,

26 3838 29 3847 '
82 3839 211 3892 Discincti
227 3837 298 3892 mate
314 3837 423 3891 audiunt
439 3833 499 3888 442.
674 3896 677 3901 .
701 3851 754 3889 nou
770 3836 802 3887 de
820 3836 925 3902 scribis,
949 3838 1019 3905 apud
1036 3838 1091 3890 Cic.
1109 3841 1171 3895 367.

82 3909 210 3962 Decimae
227 3910 270 3964 73.
637 3902 758 3959 ‘Edoni
798 3906 838 3957 De
853 3913 936 3959 metro
953 3908 1032 3958 husius
1048 3925 1119 3961 norm
1145 3905 1205 3964 424.
1216 3875 1305 3961 ss-

17 3976 19 3981 ⁴
81 3977 162 4032 Docti
178 3971 398 4044 κατ’ἒξοχὴνάτ.
412 3977 506 4042 poetae
519 3975 545 4029 6.
562 3973 622 4033 121.
664 3973 756 4026 Diaeta
772 3975 852 4027 Plinii
869 3977 931 4047 maj.
950 3979 1011 4035 366.
1107 3989 1111 3993 ’

30 4046 32 4050 ’
116 4049 209 4101 doctae
226 4049 328 4115 puellae
344 4049 370 4101 6.
486 4089 496 4105 ,
544 4058 547 4065 ·
580 4094 583 4107 ,
664 4040 787 4106 Electae,
805 4043 910 4097 satirae
927 4047 1039 4098 selectae
1055 4045 1117 4101 366.

79 4117 211 4184 Bolentia,
232 4133 283 4170 vox
299 4132 316 4168 a
332 4113 431 4170 bacuio
447 4113 562 4168 formata
577 4110 622 4170 54.
662 4112 757 4181 Elegia
773 4113 801 4165 in
811 4114 915 4166 obitum
927 4116 1089 4171 Maecenatis
1101 4117 1204 4185 quande

113 4189 156 4243 58.
328 4240 330 4244 ,
662 4236 665 4243 ,
696 4181 841 4251 composita
855 4184 890 4240 sit
905 4181 966 4245 449.
1029 4245 1031 4250 ,
