2768 4838
345 300 404 359 ua
429 304 464 355 o.
489 302 661 355 urorsro
684 302 1028 361 cinnamonum-z·
1168 281 1254 361 ltu

126 467 243 531 nostro
265 457 373 529 istum
389 457 436 527 de
457 458 573 529 Attilio
597 477 749 547 ¹vcrsnm,
780 480 851 550 quo
872 458 1000 531 (icero
1014 471 1184 552 ususest,
1206 472 1261 537 ιη..

53 627 56 633 .
126 562 306 654 aequales,
331 584 417 653 quos
432 562 478 632 ob
492 560 689 632 Latinomm
702 571 880 656 poetarum
893 562 1248 657 despicientiaminer-
1355 574 1358 579 “

126 667 273 736 tissimae
288 665 450 758 segnitiae
468 673 526 732 aut
543 663 669 733 fasudii
682 664 904 735 delicatissimi
917 668 1086 759 coarguit,
1110 671 1260 761 gravius·

125 770 366 864 perstringeret
382 777 417 837 et
430 763 629 837 confutaret
680 767 958 860 Quotiescunque
976 771 1169 841 veroistam
1186 772 1248 842 (i-
1337 776 1344 812 ¹

127 873 258 943 ceronis
272 871 530 963 disputationem
544 869 701 939 ahentiua
718 871 927 940 consideravi
944 883 978 941 et
999 873 1163 965 expendi,
1191 884 1250 945 to-

125 978 188 1045 ties
203 998 259 1045 me
270 976 393 1049 mirum
405 972 543 1063 habuit,
569 973 663 1066 quod
685 997 706 1042 a
729 973 867 1045 Caecilii
882 975 1098 1068 Synephebis
1119 988 1155 1048 et
1172 978 1249 1048 An·

126 1079 201 1150 dria
222 1078 390 1165 Terentii,
431 1098 514 1168 quas
551 1076 754 1147 Comoedias
778 1078 913 1170 aegrius
944 1079 988 1147 ub
1010 1079 1081 1148 aliis
1095 1071 1173 1173 legi
1192 1082 1249 1168 ait,

127 1183 231 1274 quam
258 1191 438 1270 utramque
469 1181 705 1272 cognominem
728 1181 880 1251 fabulam
902 1179 1099 1269 Mernndri,
1139 1185 1251 1253 statim

125 1285 286 1356 transiliat
299 1284 344 1354 ad
357 1282 567 1376 tragoediam
582 1282 773 1376 Sophoclis,
797 1285 887 1355 male
902 1284 938 1353 iu
948 1284 1105 1353 Latinum
1117 1308 1248 1361 sermo-

125 1410 206 1458 nem
221 1409 416 1457 conversam
434 1388 478 1457 ab
492 1387 629 1473 Attilio,
654 1408 757 1477 quem
776 1388 856 1457 ideo
872 1388 963 1457 ‚inter
982 1388 1150 1481 Tragicos
1170 1390 1248 1457 Ro-

126 1513 302 1577 manorum
330 1498 451 1583 poetas
480 1490 681 1560 recensitum
700 1491 851 1577 invenio,
889 1499 962 1559 tum
983 1491 1028 1559 ab
1057 1490 1143 1580 aliis,
1175 1501 1249 1559 tum
1279 1472 1292 1497 ’

128 1596 229 1664 etiam
261 1596 305 1664 ab
333 1592 554 1665 eruditissimo
573 1592 718 1687 Lcngio
746 1595 782 1663 in
805 1592 975 1663 deiciis
999 1592 1115 1686 Trng.
1142 1593 1247 1664 Rom

126 1720 209 1792 pag.
230 1695 282 1767 1.·
317 1697 454 1771 Nullam
472 1697 575 1791 plane
591 1697 868 1797 equidemtvideo
893 1697 1058 1766 rationem
1079 1696 1248 1786 idoneam,

127 1824 197 1892 qua
211 1799 333 1895 ductus
347 1800 469 1870 Cicero
484 1799 715 1891 Tragoediam
727 1801 847 1870 Latine
862 1799 1030 1869 redditam
1044 1822 1249 1893 composue-

128 1905 171 1973 rit
183 1926 261 1973 cum
274 1902 468 1975 Comoediis
490 1924 533 1970 ex
547 1901 740 1971 Menandro
757 1904 925 1973 conversis
946 1911 981 1972 et
999 1922 1146 1995 prorsus
1156 1903 1249 1973 desi·

130 2007 212 2076 dero
227 2008 320 2077 illarn'
336 2004 504 2076 scribendi
516 2013 625 2076 artem
638 2013 673 2075 et
685 2030 819 2095 curam,
844 2027 947 2098 quam
960 2004 1128 2075 eodem'id
1142 2029 1250 2100 argu·

128 2118 241 2181 mento
259 2106 449 2179 observisit
464 2108 498 2177 d
512 2116 584 2201 opt
599 2132 680 2203 gen.
695 2107 792 2182 Orat
807 2132 837 2178 c.
854 2107 890 2178 6.
931 2108 1051 2179 Iidem
1066 2108 1250 2180 Andriam

129 2220 164 2283 et
179 2212 426 2307 Synephebos:
448 2233 515 2282 nec
528 2213 644 2284 mimts
664 2211 865 2284 Terentium
875 2219 909 2282 et
921 2211 1126 2297 Caecilium,
1131 2231 1255 2305 quom·

128 2316 371 2387 Mencndmm
393 2316 537 2408 legente
560 2337 626 2387 nec
640 2314 937 2386 Andromachum
959 2322 1023 2383 met
1043 2313 1250 2408 Antiopam,

128 2427 193 2490 out
206 2419 395 2514 Epigonos
410 2418 558 2487 Latinos
539 2418 758 2531 recipiunt.
808 2416 887 2491 Sed
904 2424 1026 2489 tornea
1039 2416 1195 2489 usuum
1215 2424 1251 2488 et

128 2523 326 2594 Pacuvium
339 2529 374 2593 et
385 2521 523 2593 Atticum
533 2502 673 2615 potius,
697 2544 806 2616 quan
823 2520 1039 2617 EuriJridem
1060 2528 1096 2590 et
1109 2520 1251 2615 Sopho-

129 2627 219 2696 clem
243 2626 387 2720 legant.
410 2622 480 2715 qu‘o
499 2624 535 2693 in
557 2625 636 2708 loco
656 2624 770 2711 vides,
794 2647 898 2720 quam
918 2624 1097 2693 nrtificioss
1118 2623 1253 2695 Comici

129 2729 273 2800 Comrcrs
281 2736 316 2799 et
322 2728 462 2821 Tragici
469 2726 804 2822 Tragrcnutnusque
811 2727 1047 2821 populipoetrs
1062 2736 1252 2820 etcompo-

128 2842 250 2901 uantur
264 2838 536 2925 etopponautur.
602 2831 724 2922 lthue
742 2831 910 2924 reputanti
924 2830 1015 2925 mihi
1027 2831 1201 2901 istiusloci
1217 2830 1251 2899 d
1296 2833 1300 2840 ’

129 2936 207 3006 Fin.
218 2934 338 3005 nul,
357 2956 386 3003 c.
404 2932 439 3006 2.
454 2927 679 3007 doucasteler
691 2934 830 3003 suborta
843 2933 1055 3027 estsuspieio,
1069 2933 1252 3027 Sophoclis

129 3040 299 3108 Electram
320 3038 365 3108 ab
380 3035 496 3107 Attilio
508 3034 634 3105 Latinis
647 3039 798 3107 versibus
818 3039 948 3107 comice
969 3058 1044 3105 esse
1064 3044 1252 3109 tractatam.

129 3141 203 3212 Sed
218 3139 299 3231 quid
312 3139 450 3220 tandem
464 3139 660 3211 comoediae
674 3160 752 3210 cum
765 3124 920 3227 Electra,
946 3160 1051 3229 quae,
1076 3147 1114 3207 nt
1136 3139 1252 3209 decuit

129 3244 322 3332 heroinam,
347 3242 532 3332 cothurno,
556 3265 740 3334 numquam
761 3265 863 3313 socco
884 3249 1019 3335 poterat
1038 3264 1081 3309 ac
1100 3240 1252 3310 debehat

129 3347 310 3416 incedere?
336 3346 415 3432 Qua
431 3347 467 3416 in
486 3368 524 3415 re
539 3371 583 3417 ne
599 3348 653 3415 cui
667 3347 784 3417 videar
796 3344 971 3432 hariolari,
996 3343 1125 3413 afferre
1136 3345 1254 3438 placet

130 3451 176 3520 de
188 3450 360 3519 Alcestide
371 3450 540 3535 fabulam,
565 3471 635 3541 qua
645 3452 760 3521 nescio
773 3472 818 3519 an
831 3449 960 3519 nullum
974 3447 1176 3538 antiquitatis
1195 3470 1254 3514 ar·
1314 3493 1318 3505 ·
1344 3528 1348 3537 ⁸

130 3562 331 3647 gumentnm
357 3553 399 3622 sit
419 3545 697 3648 τραγικώτερον.
762 3553 845 3625 Jam
863 3550 901 3621 id
921 3558 1175 3643 argumentum,
1212 3557 1254 3619 ut

129 3657 342 3726 Hermannns
362 3657 397 3725 in
419 3655 532 3727 Praei.
563 3655 609 3725 ad
626 3656 799 3751 Emipidis
818 3653 981 3739 Alcestid.
1003 3676 1039 3746 p.
1064 3653 1148 3725 XVI
1176 3676 1253 3747 sqq.

131 3759 271 3853 egregie
294 3759 428 3847 docuit,
469 3759 606 3851 praeter
632 3759 882 3852 Phrynichum,
920 3764 1123 3826 tractaverat
1151 3757 1274 3826 etium.

130 3862 339 3955 Antiphanes
353 3862 527 3949 Comicus,
541 3870 627 3931 teste
641 3863 819 3934 Athenaeo
835 3860 912 3930 Lib.
926 3858 985 3929 lll.
1001 3881 1031 3928 c.
1047 3857 1254 3954 etp-122.

132 3963 173 4035 C.
206 3964 275 4057 (T.
294 3966 322 4034 l.
341 3988 379 4060 p.
404 3962 492 4034 473.
513 3964 664 4057 Schw.),
696 3966 732 4035 et
758 3963 852 4058 apud
877 3961 1095 4056 Fulgentium
1121 3963 1252 4056 Expos.

131 4067 239 4142 Sem
256 4068 335 4140 Ant.
350 4091 377 4141 s.
393 4089 425 4137 v.
439 4065 640 4160 Frigultr're
655 4068 816 4163 legimus:
840 4064 979 4137 umens
992 4065 1177 4137 Alcestide
1193 4088 1255 4135 co-

130 4171 274 4251 moedia
290 4182 374 4260 ete,
389 4167 637 4242 ubi-Osanna
656 4170 692 4243 in
705 4170 815 4242 Atat
834 4169 922 4243 (hit.
935 4193 972 4262 p.
986 4166 1022 4241 8.
1037 4169 1086 4241 ob
1100 4169 1255 4243 testimo-

130 4272 224 4343 nium
233 4266 339 4346 'Gellii
347 4275 394 4348 N.
406 4274 538 4371 Atl’lb·
551 4274 596 4346 X.
615 4272 652 4347 ll,
701 4273 821 4347 emto
834 4272 1111 4355 ,subsumendnn
1124 4272 1256 4342 censuit
