2768 4838
130 314 210 389 422
340 334 390 387 un
411 320 560 385 marra
583 332 776 384 amram
799 330 1050 384 muscas.

131 484 319 559 luxuriosos
331 485 468 555 dicebat
481 480 696 577 castigandos
711 490 748 551 et
768 482 930 579 gravibus
949 481 1151 552 afficiendos
1174 504 1264 576 sup-

131 592 251 687 pliciis.
301 590 383 659 Jam
397 589 484 658 sicut
496 587 701 657 Horatianus
719 585 777 655 bic
792 586 926 656 Bestius
949 595 1001 656 est
1022 586 1263 657 acerbissimus

131 702 297 786 nepotum
310 714 432 761 censor
448 700 483 761 et
499 699 686 776 corrector,
711 689 759 758 ita
771 688 908 759 Bestius
928 689 1068 780 quidam
1088 690 1264 759 invehitur

131 800 168 867 in
187 794 413 889 philosophos
436 793 609 882 Graecos,
640 790 736 882 quod
757 816 873 863 secum
894 794 1065 863 attulerint
1084 803 1198 862 artem
1217 792 1264 861 li-

131 899 293 971 beruliter
316 896 449 967 vivenr'n‘
472 908 508 967 et
528 918 606 966 cum
630 894 746 965 litteris
765 896 905 965 Graecis
926 897 1060 967 Romae
1087 896 1263 968 intulerint

131 1002 426 1089 vitacmollitiem,
443 999 538 1093 apud
549 999 702 1068 Persium
717 999 788 1071 Sat
801 999 861 1069 Vl
875 1023 908 1069 v.
924 998 985 1072 3¹1.
1209 1032 1215 1043 ·

186 1104 285 1175 tune
303 1103 397 1174 boau
408 1103 589 1175 incolumis
603 1101 768 1172 mimus?
793 1101 872 1174 Sed
885 1100 1031 1172 Bestius
1042 1108 1157 1194 urget

179 1207 357 1279 Doctores
375 1203 531 1300 ijo:
555 1203 682 1302 itofit,
702 1212 894 1298 postqum
907 1227 1038 1299 sapere
1061 1202 1154 1274 Urbi

185 1308 887 1404 camptpmespatnusvenitnostrum
902 1308 1261 1402 bocmoeisacpm3

183 1412 399 1483 Foeaisecae
412 1434 535 1483 musso
549 1413 720 1481 vitiarunt
735 1413 895 1506 anguine
905 1413 1037 1505 pultes.

35 1589 44 1607 ⁸
131 1516 192 1586 ubi
198 1516 274 1608 jam
288 1516 508 1585 casaubonus
521 1514 713 1599 adnotavit,
738 1514 852 1584 Bestii
864 1538 989 1583 nomen
1004 1537 1079 1585 esso
1094 1510 1261 1590 bertreis.

130 1618 180 1688 Et
192 1619 391 1711 Bentlejus,
415 1628 601 1711 praeeunte
618 1617 788 1708 cruquio,
814 1640 880 1710 pro
895 1629 989 1686 certo
1006 1617 1145 1707 habuit,
1172 1622 1263 1689 Per-

131 1723 219 1791 sium
241 1721 348 1791 Bestii
370 1721 548 1791 Horatiani
566 1721 700 1790 nomine
720 1719 862 1790 similem
894 1745 976 1792 suae
998 1723 1117 1791 aetatis
1139 1746 1263 1793 corre-

132 1835 262 1895 aorem
275 1827 362 1895 vitae
374 1826 564 1894 luxuriosae
578 1822 783 1917 designasse.

235 1927 300 1995 His
314 1930 476 2020 exemplis
493 1938 546 1996 sat
558 1927 761 2020 perspicuis,
776 1926 898 2017 quibus
912 1927 995 1995 addi
1011 1936 1156 2020 possunt
1168 1950 1261 2020 quae

131 2028 328 2099 Huscbkins
347 2030 383 2099 in
395 2031 547 2099 Analeca
562 2030 681 2097 Litter.
700 2054 734 2121 p.
755 2028 833 2098 ulo
848 2055 899 2121 sq.
928 2031 1103 2116 disseruit,
1130 2030 1260 2101 docere

131 2131 317 2219 voluimus,
353 2142 475 2226 poetas
500 2133 642 2201 seriores
666 2132 711 2199 ab
738 2133 980 2223 antiquioribus
1004 2156 1261 2226 nonnumquam

131 2236 269 2315 uomina
280 2256 505 2330 personarum
517 2257 592 2305 esse
608 2243 797 2323 mutuatos,
822 2236 851 2304 si
869 2258 973 2326 quam
987 2236 1260 2323 interhomines,

131 2342 219 2430 qaus
242 2340 369 2430 antiqui
391 2340 641 2432 descripserant
667 2347 810 2430 poetae,
843 2349 946 2430 atque
972 2362 1050 2429 eos,
1083 2363 1174 2431 quos
1192 2342 1261 2434 ipsi

131 2443 259 2511 vellent
272 2452 408 2530 notare,
434 2440 738 2534 deprehendissent
752 2442 1009 2513 similitudinem.
1059 2443 1177 2534 Atque
1189 2445 1260 2531 bic,

132 2546 191 2634 qui
205 2545 364 2615 latissime
378 2553 489 2637 patet,
513 2551 693 2635 poetarum
706 2543 869 2613 seriorum
885 2567 959 2614 mos
974 2568 1030 2615 me
1044 2545 1195 2639 induxit,
1221 2556 1261 2617 ut

133 2647 342 2738 suspicarer,
375 2645 580 2715 umentem
599 2666 724 2714 nomen
755 2645 868 2717 Codri
889 2672 911 2717 a
932 2648 1076 2742 Virgilio
1102 2658 1261 2723 mutuum

133 2749 333 2840 sumpsisse,
358 2771 429 2838 quo
454 2749 632 2838 aequalem
642 2756 782 2841 poetam
802 2758 892 2820 tecte
915 2750 1110 2845 designaret
1130 2755 1260 2823 malum

132 2862 169 2923 et
179 2850 342 2921 recitandi
356 2860 458 2941 utque
472 2852 519 2922 ad
531 2853 638 2920 ravim
651 2874 760 2943 usque
775 2853 987 2924 declamandi
998 2856 1110 2924 studio
1124 2856 1260 2950 impor-

131 2965 262 3042 tunum,
278 2977 426 3045 eumque
437 2956 473 3023 in
490 2955 629 3024 sordida
639 2966 843 3048 paupertate
854 2958 1069 3027 ambitiosum
1081 2958 1260 3053 fastusque

130 3058 263 3128 ridiculi
276 3059 416 3150 plenum
430 3059 683 3152 perstringeret
732 3059 781 3128 Et
802 3060 961 3130 eumdem
981 3062 1148 3131 misellum
1166 3088 1261 3157 poe-

131 3172 204 3231 tam
217 3162 292 3252 quis
309 3160 440 3259 dubitet
453 3163 534 3252 quin
545 3159 710 3230 Martialis
725 3185 862 3254 quoque
877 3165 1159 3257 epigrammatum
1173 3190 1260 3238 acn-

132 3266 195 3334 leis
212 3264 423 3357 pupugerit?
453 3265 495 3334 ln
507 3264 623 3335 Codro
636 3265 822 3357 virgiliano
836 3268 928 3337 nulla
941 3267 1153 3361 deprehendi
1165 3294 1260 3363 pau-

131 3368 274 3462 pertatis
287 3366 429 3455 indicia,
452 3391 510 3438 rna
523 3390 591 3438 non
607 3369 787 3461 praeterit3
812 3371 887 3460 quis
908 3380 1023 3439 autem
1039 3382 1112 3441 tam
1126 3373 1260 3444 levibus

131 3468 332 3540 diversitatis
344 3472 430 3541 notis
443 3495 484 3541 ac
496 3472 601 3541 veluti
614 3471 823 3541 lineamentis
834 3475 1033 3562 retineatur,
1059 3498 1130 3566 quo
1147 3480 1259 3548 minus

134 3574 366 3667 conjecturae,
392 3585 602 3644 caeterorum
619 3586 895 3669 argumentorum
915 3579 1156 3669 probabilitate
1178 3584 1260 3652 satis

132 3679 298 3763 munitae,
323 3701 494 3748 assensum
514 3679 704 3771 praebeat?
737 3680 778 3749 ln
798 3679 868 3748 boc
887 3681 1169 3775 interpretationis
1193 3709 1260 3779 ge-

83 3839 86 3844 .
133 3802 238 3865 nere,
263 3780 359 3872 quod
371 3793 491 3876 suapte
507 3793 629 3852 natura
642 3782 845 3876 suspicabile
865 3785 1072 3872 essedebet,
1096 3810 1260 3878 premer-

133 3883 195 3952 tim
211 3884 305 3975 apud
317 3896 436 3976 poetas
450 3910 519 3955 non
538 3888 653 3977 quaeri
666 3895 781 3980 potest
794 3910 815 3955 a
828 3889 925 3958 nobis
940 3897 1034 3958 certa
1054 3889 1184 3983 ubique
1204 3893 1260 3963 bi-

135 3987 258 4056 storiae
271 3987 357 4057 fides
373 3999 408 4059 ct
423 3990 599 4065 evidentia

134 4252 355 4393 wudz
461 4256 566 4394 ”ff
642 4256 1263 4400 scammum
