2768 4838
370 321 427 372 nn
453 322 486 373 o.
511 322 685 389 ιιιιιιιιιιιΔ
702 324 833 411 ornus
856 324 1016 383 ronna.
1045 330 1051 341 ·
1104 304 1109 317 ’
1176 303 1255 394 181

128 476 258 541 certum
274 492 349 539 esse
362 471 531 560 videatur,
556 495 626 543 non
647 475 756 563 urbis,
768 454 845 547 sed
863 476 956 546 fluvii
969 498 1094 547 nomen
1107 480 1252 570 requiri.

128 597 231 665 quam
246 574 292 641 ob
308 595 462 643 caussam
478 576 656 646 Passeratii
670 586 843 648 tentamcn
860 579 1027 672 Capuam
1043 580 1173 651 admitti
1186 607 1252 654 ne-

128 678 210 768 quit.
275 676 316 744 In
344 677 559 747 Pentametro
588 669 740 751 Catullus
775 683 909 763 illorum
926 684 1123 772 Annalium,
1164 688 1252 777 quos

129 779 241 872 Curm
258 778 455 849 XXXVII
458 782 653 852 chortam
669 792 836 854 cosmum
854 787 979 855 acerbe
998 788 1167 880 appellat,
1190 788 1251 858 fn-
1294 805 1305 841 l

53 884 60 904 '
128 864 239 950 turam
258 891 388 951 sortem
408 885 588 975 praedicit,
615 887 751 976 qualis
742 888 862 980 moptis
884 890 1018 958 evenire
1040 891 1126 959 solet
1145 892 1254 981 libris,

128 1008 187 1077 qur
176 985 366 1077 piscibus,
392 988 548 1056 aromatis
563 989 701 1079 aliisque
716 990 753 1058 id
767 1014 874 1082 genus
889 993 1057 1061 mercibus
1077 993 1253 1063 involucra

129 1088 386 1157 adhibebantur.
447 1093 539 1181 Apte
560 1091 709 1160 laudavit
731 1093 933 1184 Doeringius
954 1094 1148 1164 Martialem
1170 1096 1253 1167 Lib.-

128 1191 186 1260 lv.
206 1190 267 1276 87,
282 1190 335 1274 8.;
361 1194 544 1284 praecipue
559 1194 752 1282 autem-huc
769 1197 916 1287 pertinet
931 1197 1050 1265 Horat
1071 1199 1138 1288 Ep.
1154 1199 1196 1267 II.
1214 1199 1270 1285 l,

130 1292 217 1363 269.
233 1293 294 1366 7⁰.
311 1295 522 1381 etMartialis
533 1320 588 1389 ep.
605 1295 639 1364 2.
651 1296 746 1366 Libri
762 1299 820 1367 111.
865 1299 981 1383 Quare
1000 1301 1117 1368 Persio
1138 1300 1166 1368 I.
1187 1301 1250 1371 43.

130 1397 292 1466 carmina
305 1419 371 1468 nec
382 1397 562 1468 scombros
576 1401 784 1490 metuentia,
809 1423 875 1471 nec
890 1401 972 1470 Ibus
986 1412 1063 1470 sunt
1076 1426 1135 1489 aa,
1161 1426 1251 1494 quae

128 1522 193 1593 per
208 1522 307 1570 omne
322 1510 455 1592 tempus
470 1501 592 1570 durant
606 1512 639 1572 et
652 1496 820 1596 legtmtur.
874 1504 1057 1575 Caeterum
1078 1506 1250 1593 verissIme

130 1601 349 1675 Matuansn.
363 1604 420 1674 VI.
434 1603 494 1673 66.
509 1629 541 1675 v.
554 1604 594 1674 Ἰ.
608 1608 712 1676 canit:

236 1707 357 1803 Quam
374 1703 476 1778 motti
489 1696 604 1777 aneas
614 1716 768 1802 pascant
784 1707 987 1801 statasque
1001 1708 1151 1781 aberit

283 1808 334 1878 Et
347 1811 527 1879 redimunt
539 1811 605 1880 soli
621 1813 784 1880 carmina
797 1812 905 1880 docto
920 1813 1031 1905 coqui.

230 1910 360 1985 Nescio
375 1914 461 2005 quid
475 1915 562 2005 plns
576 1921 645 1999 est,
671 1914 766 2007 quod
780 1914 887 1994 donet
899 1915 1021 1984 secula
1036 1913 1193 1986 chumis:
1245 2004 1248 2009 Ι

289 2015 452 2084 Victurus
469 2015 621 2085 Gauium
639 2016 744 2086 debet
758 2016 893 2086 bebere
910 2016 1008 2089 liber.

128 2117 132 2171 J
230 2118 270 2187 In
298 2118 502 2210 complendo
530 2141 629 2188 versu
658 2119 693 2189 9.
721 2121 821 2188 animi
843 2120 983 2212 pendeo
1004 2118 1088 2210 quid
1113 2121 1246 2209 sequar.

131 2218 286 2314 Scaliger
299 2231 505 2290 constantem
522 2246 595 2291 esse
611 2222 656 2290 ait
664 2223 775 2292 Codd.
784 2224 963 2292 lectionem
979 2222 1124 2307 loboris,
1136 2223 1248 2291 idem-

131 2347 198 2414 que
220 2326 254 2393 in
276 2325 378 2398 duob.
408 2322 519 2398 Mstis.
542 2349 579 2394 se
593 2325 757 2394 iuvenisse
775 2334 915 2394 testatur
933 2326 972 2393 P.
986 2324 1157 2393 Victorius⁴
1169 2325 1252 2397 Var.

130 2428 225 2509 Lect.
241 2427 284 2502 L.
300 2428 409 2496 XXII.
425 2451 456 2501 c.
474 2426 534 2494 13.
553 2451 589 2520 p.
605 2427 690 2497 264.
709 2437 744 2498 et
764 2429 927 2520 expressit
945 2426 1162 2498 Parthenius:
1187 2428 1249 2517 qui
1353 2476 1357 2497 .

131 2553 247 2599 omnes
263 2531 432 2600 Catullum
454 2531 510 2599 hic
530 2531 575 2599 de
596 2533 662 2600 suis¹
687 2532 886 2600 carminibus
909 2531 1060 2604 locutum
1082 2552 1155 2598 esse
1176 2529 1249 2597 oxi-

131 2633 272 2703 stimant.
326 2634 423 2718 Quae
436 2636 523 2702 ratio
540 2657 608 2702 non
622 2635 723 2703 video
741 2658 810 2725 quo
824 2657 861 2703 se
876 2635 962 2702 tueri
975 2634 1091 2727 possit.
1142 2633 1250 2732 Igitur

131 2737 186 2805 alii
207 2736 251 2804 ad
272 2738 367 2805 mult.
388 2735 499 2805 Codd.
522 2738 678 2805 lacunam
695 2737 898 2829 explendam
918 2743 1144 2828 reposuerunt
1164 2758 1250 2804 con·
1285 2763 1288 2791 ι

102 2919 106 2934 .
123 2839 259 2932 jactura
272 2840 327 2908 vel
340 2838 482 2925 tribuni,
507 2850 546 2907 ut
558 2840 600 2908 Is.
615 2840 769 2926 Vossius,
788 2841 847 2913 vel
854 2846 1012 2931 poetae:
1030 2839 1114 2907 illud
1127 2838 1251 2907 falsum

129 2951 201 3027 est',
231 2941 301 3011 hoc
322 2943 435 3034 friget.
497 2942 612 3026 Quare
628 2943 799 3011 verissime
817 2941 973 3015 Muretus
994 2942 1130 3011 sodalis
1152 2931 1249 3008 com'·

63 3121 66 3125 ,
131 3045 285 3115 mandat:
311 3068 413 3135 quam
436 3047 616 3113 lectionem
637 3053 710 3113 tum
731 3045 844 3114 Caum.
866 3045 909 3116 X.
938 3044 998 3116 29.
1016 3046 1147 3130 firmat,
1177 3038 1250 3111 tum

132 3159 303 3217 contextus
319 3150 480 3240 exposcit.
530 3148 670 3235 Fatetur
694 3149 782 3217 enirn
805 3148 974 3234 Catullus,
999 3146 1066 3216 stoi
1083 3147 1133 3218 sui
1147 3146 1251 3214 soda-

131 3253 171 3320 lis
194 3261 227 3320 et
248 3252 362 3338 amici,
398 3250 544 3345 Cinnae,
565 3273 689 3344 parva
707 3257 949 3334 monumenta,
980 3247 1016 3321 Ir.
1036 3274 1066 3321 e.
1089 3248 1250 3345 breviaria

113 3356 275 3441 ambitus
297 3355 468 3443 carmina,
486 3355 687 3445 Zmyrnam,
714 3353 809 3423 cordi
832 3376 906 3439 esse
928 3361 962 3420 et
978 3353 1134 3444 placere,
1169 3351 1251 3419 dum

128 3459 302 3552 popalus,
336 3459 394 3548 qui
416 3459 527 3525 omnia
544 3457 774 3550 magnitudine
795 3456 905 3525 metiri
926 3456 1029 3540 solet,
1059 3463 1160 3523 vasto
1174 3474 1252 3521 car-

132 3562 221 3630 mine
236 3559 428 3629 Antimachi
442 3561 637 3631 delectetur.
689 3559 739 3629 Ut
753 3561 856 3652 igitur
871 3583 907 3628 se
919 3558 1062 3652 populo,
1087 3559 1134 3625 ita
1147 3557 1252 3624 breve

134 3664 260 3732 Cinnae
277 3688 402 3757 poema
425 3665 529 3756 longo
548 3662 740 3733 Antimachi
755 3664 851 3755 operi
876 3660 1028 3754 opponit.
1083 3660 1153 3744 Qui
1173 3681 1253 3728 sen-

133 3789 187 3836 sus
201 3767 324 3836 horum
341 3790 497 3835 versuum
520 3791 597 3835 cum
618 3769 664 3837 ita
685 3767 720 3835 in
738 3768 861 3835 oculos·
870 3767 1033 3850 incurrat,
1059 3771 1096 3831 ut
1118 3762 1168 3831 de·
1179 3761 1253 3854 ejus

132 3872 272 3940 veritate
293 3880 439 3960 nequeat
461 3871 620 3938 dubitari:
648 3893 715 3961 ego
736 3871 839 3961 plane
862 3889 989 3935 nons
953 3887 1132 3955 assequor,
1165 3886 1254 3955 quo-
1299 3943 1301 3946 Α

131 3974 236 4042 ιιιο6ο
251 3974 406 4066 Scaliger
420 3974 507 4045 etP.
517 3973 631 4040 Gualt.
649 3972 834 4040 Chabotius
848 3969 895 4039 ad
908 3969 1028 4038 Horat.
1047 3969 1089 4040 L.
1099 3968 1130 4037 I.
1143 3965 1254 4038 odo.

131 4075 279 4177 (Colon.
302 4076 431 4148 Manat.
455 4071 568 4144 1615.
595 4075 680 4179 iol.)
706 4098 743 4168 p.
766 4069 828 4142 54.
847 4072 1051 4141 contendere
1073 4071 1255 4168 potuerint,

131 4157 263 4249 Cinnae
278 4181 461 4272 Zmyrnam
475 4178 611 4248 Catullo
630 4166 827 4268 neutiquam
844 4176 949 4249 fuisse
960 4174 1197 4268 probatam,
1186 4193 1255 4243 rmo

134 4280 344 4378 displicuisse
367 4285 413 4354 ob
428 4284 556 4354 molem
579 4289 682 4375 atque
695 4279 954 4393 obscuritatem,
979 4278 1075 4391 quod
1095 4277 1175 4347 inde
1190 4298 1256 4368 pa-
