2768 4838
327 294 334 301 ’
394 298 453 353 ou
476 300 1024 355 uarrosnrrrnroroara.
1176 276 1281 353 ⁸81-

138 462 194 529 tae¹
206 449 376 529 urbanitas
389 467 424 527 et
439 458 616 552 prudentia
629 447 852 551 intelligatur,
876 457 1096 528 recordemur
1113 480 1256 531 necesse
1311 544 1318 559 ,

138 573 208 651 est,
239 565 432 655 Angustum
461 564 586 646 iterum
607 563 798 651 iterumque
822 583 961 654 rogasse
984 561 1182 648 Horatium,
1217 565 1256 634 ut

55 729 57 735 ,
136 665 239 759 ipsius
252 689 306 734 res
326 666 418 734 domi
439 665 589 756 forisque
606 664 721 757 gestas
743 674 878 732 caneret
900 665 1167 756 carminibusque
1188 667 1258 734 im-'

136 770 328 838 mortalitati
359 768 518 837 traderet
591 767 690 836 Hanc
718 776 830 834 autem
862 768 1069 859 provinciam
1094 768 1255 839 Horatius

135 894 323 962 numquam
335 894 403 940 non
417 871 652 959 declinaverat,
671 893 806 938 suarum
819 869 938 936 virium
950 873 1143 940 tenuitatem
1155 895 1255 941 caus-

136 985 245 1061 satus,
270 975 355 1043 acsi
376 985 468 1042 tanto
488 983 624 1062 tamque
643 972 772 1041 difficili
789 973 886 1064 operi
906 973 1016 1065 impar
1036 983 1125 1042 esset
1146 975 1254 1044 susci-

135 1077 272 1170 piendo.
323 1075 403 1145 Huc
423 1087 578 1169 spectant
594 1077 693 1149 Satir.
709 1076 752 1144 11.
769 1075 803 1142 l.
819 1098 851 1145 v.
870 1074 920 1142 lo
936 1114 989 1129 -
1005 1072 1064 1145 15.
1087 1087 1122 1145 et
1137 1075 1206 1149 od.
1224 1076 1253 1146 1

100 1252 102 1256 ,
134 1181 172 1253 o.
187 1178 359 1266 9-12.‚
384 1182 441 1249 ubi
455 1181 495 1248 L.
514 1179 651 1248 Varium
664 1188 803 1270 poetam
824 1201 901 1246 eum
916 1201 988 1247 esse
1000 1180 1060 1265 ait,
1087 1180 1145 1269 qui
1162 1182 1253 1250 solus
1304 1182 1307 1187 ’

135 1282 281 1376 Augusti
296 1283 386 1350 facta
404 1283 507 1375 digne
526 1282 672 1350 scribere
685 1282 813 1372 possit,·
837 1303 942 1372 porro
955 1281 1032 1350 Lib.
1049 1280 1091 1349 ΙΙ.
1117 1281 1172 1352 od.
1192 1282 1251 1353 12.

135 1408 168 1455 v.
185 1387 232 1475 9.,
259 1408 301 1454 ex
315 1409 383 1475 quo
397 1387 475 1454 loco
496 1383 670 1472 discimus,
695 1384 874 1452 Horatium
895 1385 996 1452 etiam
1016 1382 1252 1456 aMaecenatc

134 1489 307 1556 inritatum
320 1490 564 1578 excitatumque
577 1487 699 1572 fuisse,
725 1497 763 1554 ut
773 1488 921 1579 'Augusti
932 1510 986 1556 res
1002 1497 1151 1556 caneret:
1173 1488 1251 1577 qui-

133 1591 198 1660 bus
216 1592 304 1660 adde
318 1592 411 1661 Libr.
427 1592 485 1661 lV.
507 1591 563 1658 od.
588 1590 621 1659 2.
639 1613 670 1660 v.
689 1588 740 1658 nt
756 1612 829 1679 sqq.
857 1598 891 1658 et
915 1613 1002 1679 quae
1022 1590 1200 1659 Suetonius
1215 1591 1251 1660 in

134 1693 200 1766 vit.
216 1695 347 1763 Horatii
370 1695 411 1765 T.
427 1695 485 1762 111.
508 1717 544 1785 p.
558 1688 618 1761 50.
646 1691 700 1761 011.
718 1693 791 1761 wi·
803 1701 924 1760 narrat.
976 1694 1197 1784 Quapropter
1214 1694 1250 1762 in

133 1795 200 1866 hac
215 1798 398 1866 addulium
405 1797 545 1865 Florum
552 1796 705 1886 Epistola
721 1795 803 1862 scita
818 1804 852 1862 et
864 1796 1056 1886 perurbana
1068 1795 1250 1886 hecquae-
1363 1869 1367 1878 ,

133 1903 243 1969 stione
269 1901 455 1991 significat,
487 1898 549 1965 sibi
569 1919 670 1966 curae
697 1895 859 1987 cordique
880 1920 971 1985 esse,
1010 1908 1049 1967 ut
1068 1899 1186 1988 aliquis
1205 1920 1250 1968 ex

134 2002 285 2071 studiosa
295 2001 424 2069 'liberii
439 1998 596 2086 cohorte,
622 1998 716 2090 quod
728 1999 803 2091 ipsc
821 2000 1011 2106 suscipere,
1038 2003 1249 2091 quantumvis
1319 2020 1325 2034 ’
1379 2013 1381 2020 ’

133 2105 250 2190 veliet,
282 2126 352 2171 non
375 2112 507 2194 posset,
549 2104 707 2194 suscipiat
733 2104 948 2194 Augustique
966 2103 1059 2172 bella
1090 2111 1125 2175 et
1143 2128 1249 2198 paces

134 2208 279 2275 carmine
299 2207 422 2275 scribat
437 2214 471 2276 et
485 2207 626 2298 longum
641 2204 808 2274 diffundat
819 2207 853 2273 in
868 2229 998 2279 aevum.

234 2344 290 2414 Ab
304 2342 405 2436 hujus
420 2341 486 2427 rei,
512 2350 684 2431 tamquam
699 2341 882 2434 dignissimi
904 2340 1094 2434 argumenti
1112 2342 1249 2435 poetici,
1275 2340 1279 2348 “

130 2447 299 2518 mentione
322 2444 492 2538 externplo
514 2444 559 2513 ad
577 2444 705 2514 Titium
727 2445 843 2523 transit
861 2453 896 2514 et
919 2445 1000 2535 quid
1019 2454 1101 2537 agat
1124 2446 1249 2536 quidve

53 2592 55 2596 ν
130 2574 274 2644 operum
288 2550 467 2620 doctorum
483 2556 601 2635 struat,
623 2548 819 2639 interrogat
873 2546 979 2632 Quod
995 2557 1029 2617 et
1042 2548 1153 2642 ipsum
1165 2549 1250 2619 mihi

131 2656 175 2722 ab
190 2654 333 2722 Horatio
348 2676 416 2721 non
431 2653 503 2721 sine
517 2652 646 2720 ratione
661 2645 787 2720 factum
804 2675 877 2721 esse
893 2651 1042 2739 videtur,
1069 2653 1137 2720 sive
1151 2652 1249 2743 'quod

129 2758 204 2849 ipse
227 2756 355 2824 Titium
373 2754 478 2846 pluris
503 2755 712 2840 aestimaret,
746 2776 849 2844 quam
872 2752 1029 2838 Celsum,
1062 2756 1131 2824 sive
1153 2754 1248 2846 quod

131 2883 209 2939 eum
224 2860 268 2926 ab
293 2856 432 2952 Tiberio
450 2853 618 2946 potior‘em
638 2854 759 2924 haberi
780 2857 889 2925 sciret.
939 2854 1028 2925 nfihi
1045 2859 1141 2949 prior
1160 2860 1247 2927 ratio

131 2973 166 3032 et
183 2984 300 3031 caussa
316 2960 430 3028 locum
451 2957 608 3026 habuisse
632 2957 774 3028 videtur.
825 2959 916 3028 Nam
935 2960 1038 3029 cuivis
1059 2963 1245 3035 accuratius

130 3064 353 3135 consideranti
368 3084 483 3131 versas
496 3061 629 3132 Horatii
642 3057 692 3129 15
705 3101 756 3116 -
778 3059 840 3133 20.

183 3200 382 3296 9111111111·ὴὶ
400 3198 522 3269 cecos
536 3192 646 3291 ugit?
658 3198 809 3268 monitos
819 3197 1245 3290 multumquemmreodua,

186 3303 353 3374 Ρνὶυαῐαε
372 3311 412 3371 ot
425 3309 577 3395 quaerat
597 3323 682 3395 opes
698 3308 733 3370 et
746 3308 900 3394 tongere
920 3302 1005 3369 vitet

179 3405 344 3497 80111110,
370 3405 560 3476 Palatinos
578 3426 818 3497 quaecumque
830 3405 965 3497 recepit
978 3401 1129 3499 Apollo:

178 3507 237 3578 Ne
251 3507 390 3600 siforte
403 3531 488 3577 suos
501 3508 688 3600 repetitum
700 3508 834 3576 110110νί1
850 3508 934 3576 olim

181 3612 285 3681 Grex
297 3612 416 3679 aciem
426 3612 590 3703 plumas,
614 3617 756 3680 movent
775 3610 958 3681 corniculo
972 3609 1084 3680 risum

134 3777 138 3786 .
177 3715 333 3784 Fortivis
346 3715 492 3784 nodato
507 3712 682 3784 coloribus
689 3708 713 3783 ?·

124 3876 194 3922 non
205 3860 319 3946 potest
337 3874 410 3919 esse
424 3851 641 3943 ambiguum,
664 3850 769 3918 utrius
791 3848 944 3944 ingenio,
970 3846 1054 3918 'litii
1075 3870 1120 3916 an
1139 3844 1243 3942 Celsi,

123 3957 201 4048 plus
214 3956 365 4024 tribuerit
377 3954 537 4021 Horatius
553 3963 655 4043 atque
669 3962 782 4021 utrum
798 3976 916 4023 eorum
930 3952 976 4021 ad
988 3951 1110 4045 poesin
1123 3961 1158 4022 et
1168 3954 1244 4021 for·
1258 4014 1262 4025 ,

123 4067 211 4128 tasse
227 4059 271 4127 ad
292 4057 459 4126 canendas
474 4057 619 4153 {ingusti
633 4056 750 4124 laudes
771 4057 937 4149 aptiorem
957 4055 1123 4124 habuerit
1174 4056 1262 4124 Hic*

59 4190 65 4205 ·
122 4172 236 4230 autem
261 4162 397 4249 Celsus,
432 4168 469 4228 ut
494 4159 538 4228 de
560 4159 628 4229 hoc
652 4181 788 4250 quoque
804 4160 972 4248 nonnulla
992 4158 1125 4246 dicam,
1154 4158 1261 4250 Viris.

121 4265 239 4335 Doctis
255 4288 322 4335 non
337 4264 479 4335 dubium
492 4285 566 4334 esse
579 4262 721 4352 videtur,
737 4262 823 4354 quin.
836 4262 878 4334 sit
892 4285 1007 4334 comes
1019 4262 1242 4336 illectscriba
1271 4345 1274 4351 Ι
1343 4256 1346 4260 ’
