2768 4838
124 270 205 347 m
328 292 385 349 ort
407 294 446 347 ra
468 286 605 347 roano
627 292 853 347 araaouuo
876 282 1037 347 roasa

228 443 311 515 «iam
325 442 419 534 quod
431 441 478 511 ad
501 441 589 513 hacc
600 442 749 513 carmina
759 443 894 533 attinet,
918 446 1105 530 contram,
1122 440 1252 511 uora-

128 548 255 617 tionem
273 557 428 641 spectas,
459 547 551 615 coita
570 554 671 637 atque
695 546 880 639 negantia,
912 555 963 634 ct,
993 568 1110 615 sensus
1128 542 1253 613 habita

128 650 275 737 ratione,
307 648 443 721 minime
461 646 611 727 inficeta,
624 671 737 740 neque
755 649 943 719 urbanitate
965 656 1069 739 atque
1090 648 1253 741 'acumine

130 750 303 841 destituta,
341 761 394 841 et,
426 772 497 842 quo
511 751 651 844 propius
678 775 722 821 ea
738 752 879 845 inspicio
901 772 1087 843 eorumque
1115 750 1253 853 sensum

130 853 327 951 perpendo,
360 875 404 923 eo
432 852 714 947 majoranum
740 876 856 925 mcum
879 854 969 922 subit
997 851 1146 940 miratio,
1179 858 1254 945 quii

130 968 234 1053 paeto
255 956 376 1026 Furius
407 955 534 1026 Valerii
558 954 712 1046 Catonis,
737 957 926 1046 amiciam,
950 958 986 1025 in
1007 977 1046 1024 re
1065 954 1255 1025 comestos

132 1059 383 1145 difficrsltatem,
400 1057 474 1127 sine
488 1056 563 1152 ejus
575 1058 780 1147 offensione,
797 1048 946 1153 potnerit
957 1056 1072 1161 paiam
1084 1057 1254 1127 deridere.

132 1162 293 1233 Profecto
306 1160 364 1252 qui
380 1162 528 1230 animum
541 1160 702 1231 iuducere
716 1163 844 1256 potuit,
868 1173 908 1231 ut
928 1162 1073 1231 amicum
1092 1161 1256 1231 miserum

133 1264 192 1335 taii
204 1262 309 1334 modo
323 1262 603 1358 epigrammatum
614 1264 739 1335 aculeis
749 1273 937 1359 pungeret,
963 1286 1042 1333 cum
1055 1264 1123 1331 noir
1139 1263 1256 1333 mirari

134 1377 205 1437 tum
222 1365 383 1437 Caesares
402 1368 587 1437 carminum
599 1365 833 1440 maledicentia
849 1376 886 1437 et
896 1367 1103 1437 contumeliis
1116 1360 1255 1459 proaciss

83 1540 86 1545 .
135 1470 241 1553 disse,
276 1479 350 1538 tum
377 1468 478 1556 alios,
518 1493 540 1539 a
563 1470 684 1561 quibua
708 1471 912 1562 aliquapiam
935 1472 970 1538 in
998 1492 1039 1538 re
1067 1468 1256 1559 ‹iendercte

134 1572 273 1665 procaci
293 1572 409 1664 lingua
432 1594 506 1640 esse
525 1573 741 1661 insectatum,
767 1596 895 1664 eosque
916 1574 1072 1647 irritasse.
1121 1572 1257 1643 Amici·
1293 1568 1296 1573 ’

135 1676 217 1745 tiam
237 1682 350 1743 autem
366 1672 569 1745 Bibaculum
591 1675 678 1745 iuter
696 1685 731 1745 ct
749 1674 915 1745 Catonem
935 1672 1180 1757 intercessisse,
1211 1696 1258 1745 ex
1330 1686 1333 1691 '

25 1858 39 1881 Ι
134 1776 300 1872 principio
312 1776 576 1869 Epigrammatis
589 1778 691 1871 primi
703 1788 810 1872 patet
840 1779 922 1849 Jam
938 1800 1016 1847 cum
1032 1798 1102 1847 non
1115 1766 1258 1885 dubium
1282 1800 1286 1805 ·

17 1872 19 1881 ’
136 1880 197 1967 ait,
222 1879 303 1968 quin
315 1878 372 1948 iric
384 1880 539 1951 Valerius
554 1879 639 1952 Cato
651 1882 744 1951 idem
756 1882 816 1969 sit,
840 1903 943 1971 quem
958 1879 1119 1950 Horatius
1140 1880 1177 1947 iu
1188 1872 1257 1949 no·

136 1981 268 2051 tissimis
280 1982 344 2048 illis
358 1982 528 2069 versibus,
553 1984 612 2074 qui
629 1984 731 2052 dubia
743 1985 823 2053 iicet
844 1982 915 2053 tide
933 1984 1063 2052 Satirae
1081 1980 1141 2051 lt).
1159 1980 1259 2071 Libri

28 2111 32 2117 ·
136 2082 166 2156 L
175 2082 358 2177 praepositi
372 2092 468 2171 sunt,
492 2093 663 2176 tamquam
678 2087 798 2155 Lucilii
813 2084 1027 2155 defensorem
1047 2094 1082 2153 et
1094 2084 1260 2155 emenda·

137 2194 246 2256 torem
261 2185 445 2255 canninum
462 2185 533 2279 ejus
546 2197 640 2257 notat
654 2198 688 2258 et
698 2188 912 2283 perstringit3
929 2190 1108 2257 observatu
1125 2186 1260 2281 diguis-

137 2288 258 2359 simum
273 2297 342 2375 cst,
366 2285 505 2358 Furium
518 2289 721 2361 Bibaculum
734 2290 769 2361 in
788 2290 911 2361 eadem
923 2291 1053 2377 Satira,
1078 2313 1167 2380 quae
1187 2300 1261 2367 totu

139 2389 185 2460 de
206 2391 337 2461 Lucilio
356 2392 428 2483 agit
449 2402 483 2462 et
503 2402 620 2462 contra
641 2394 759 2463 stultos
782 2394 856 2487 ojus
872 2403 1033 2487 patronos
1053 2394 1178 2484 scripta
1196 2400 1261 2481 est,

139 2494 184 2564 ab
198 2494 340 2564 Horatio
359 2495 452 2586 carpi
466 2503 501 2564 et
519 2495 675 2565 derideri.
732 2497 844 2584 Nam,
875 2496 938 2565 etsi
960 2496 1042 2565 mihi
1060 2518 1263 2587 persuasum

139 2604 209 2681 est,
233 2596 308 2664 illos
328 2618 443 2663 versus
463 2617 532 2665 non
552 2598 721 2690 pertinere
737 2597 784 2668 ad
799 2599 944 2671 Satiram
966 2598 1146 2687 decimam,
1172 2621 1263 2689 qua-

140 2699 209 2769 lem
237 2719 326 2766 nuuc
354 2695 540 2783 habemus,
570 2710 686 2771 tamen
715 2703 934 2773 certissimum
954 2711 1022 2787 est,
1055 2724 1115 2770 eos
1136 2725 1213 2771 esse
1239 2724 1265 2771 a

139 2822 240 2870 manu
259 2800 394 2883 Boratii
414 2811 449 2870 et
468 2802 599 2874 Satirao
618 2802 797 2873 oonairuilis
817 2805 919 2899 plane
945 2802 1134 2899 argumenti
1159 2826 1265 2875 exor-

140 2902 245 2994 dium,
271 2926 373 2995 quam
389 2914 480 2973 certa
498 2904 542 2974 de
553 2928 673 2976 caussa
688 2906 734 2976 ad
746 2908 851 2998 finem
862 2916 1040 3001 pertexere
1053 2907 1207 2981 noluerit.
1253 2968 1257 2973 .

242 3006 283 3075 ln
297 3019 441 3097 utroque
457 3008 609 3077 Suetonii
624 3010 720 3097 loco,
745 3032 848 3101 quem
862 3012 967 3103 paulo
983 3022 1061 3078 autc
1082 3011 1266 3099 attulimus,

140 3108 333 3202 simpliciter
359 3107 557 3181 Bibaculus
577 3112 788 3205 appellatur3
818 3108 950 3206 plenius
975 3135 1058 3183 vero
1079 3104 1269 3183 numenius

81 3235 84 3240 ’
140 3211 263 3291 eodem
280 3213 432 3282 Suetonii
444 3214 533 3283 libro
552 3236 582 3288 c.
599 3213 874 3308 4.1egnur,‚uur
894 3215 999 3285 haec:
1023 3213 1184 3285 Eosdem
1202 3215 1267 3284 lit-

140 3322 315 3387 terntoreo
333 3315 521 3402 sociatos,
553 3315 717 3394 Menenia
740 3316 911 3389 Cornim
931 3319 968 3388 in
998 3318 1160 3416 quadum
1187 3318 1268 3411 epi·

139 3418 233 3488 nolo
252 3418 424 3504 ostendit,
454 3417 560 3505 „Non
579 3442 656 3490 eoae
674 3419 758 3503 eibi,
784 3421 925 3507 dicens,
949 3442 1029 3489 rem
1047 3442 1129 3489 cnm
1153 3421 1268 3491 Furio

140 3512 333 3608 Bibaculo,
358 3543 425 3591 nec
440 3544 521 3593 cnm
535 3522 674 3617 Sigides
694 3524 860 3617 quidesse,
887 3530 949 3591 ont
968 3522 1165 3594 litteratore
1190 3523 1268 3594 Ca-

140 3629 266 3693 toner“
296 3622 482 3720 siguificat
506 3627 598 3695 enim
617 3627 721 3696 huod
742 3626 849 3705 dubie
875 3625 1058 3695 Valerium
1083 3626 1269 3715 Omonmn,

138 3733 286 3820 poetam
321 3726 429 3799 simd
463 3730 814 3825 grononuticnosqno
840 3728 1069 3801 notissimum.
1139 3730 1271 3833 Utrum

141 3897 350 3913 Μ

139 3986 294 4110 ruthe-pp
308 3991 422 4060 σοφίαι
440 3991 546 4049 rtem
578 3994 643 4049 hm
660 3996 727 4050 osto
746 3994 945 4052 Grammattcn
963 3994 1181 4081 pontelegcadts
1200 3995 1272 4081 ¹2⁰·

139 4060 1275 4197 :nnnenmernrn:remitteturruz}

139 4195 342 4323 xpm
355 4199 533 4325 gottw
544 4210 683 4329 ppatprunm
704 4204 998 4296 miotioaapqaam
1014 4212 1146 4261 mmorat
1162 4205 1197 4259 tc
1215 4206 1276 4263 ca·
