2768 4838
139 1166 144 1173 ·
195 1109 251 1201 o.
294 1082 607 1241 vnnero
651 1082 864 1207 nuno
911 1068 1242 1261 ronna

408 1338 439 1347 '¹
534 1338 892 1365 Μ.

137 1602 298 1728 InterQ.
314 1643 447 1712 Horatii
460 1642 576 1713 Flacci
587 1560 787 1734 familiares,
813 1671 899 1739 qnos
917 1602 998 1717 ob
987 1649 1112 1740 mgerrir
1101 1649 1262 1719 metm

107 1785 111 1792 =
137 1769 269 1836 naeqne
284 1748 485 1839 elegantiam
504 1751 620 1840 magni
643 1752 839 1838 aestimarit,
864 1752 968 1820 fuisse
987 1754 1088 1820 etiam
1102 1740 1263 1844 Valgium

138 1850 330 1971 quemdam,
352 1873 394 1919 ex
415 1853 525 1920 Satira
547 1851 679 1920 decima
699 1854 832 1923 Libril
856 1866 1069 1946 compertum
1087 1855 1261 1924 habemus.

138 1950 227 2022 Gurn
257 1955 364 2044 enim,
397 1952 508 2022 Sn'tira
532 1965 651 2044 quarta
673 1979 708 2024 a.
731 1955 778 2030 U
800 1954 975 2026 chila*
964 1980 1001 2026 ιιι
1017 1958 1157 2029 lucem!
1162 1958 1264 2045 editu,

78 2134 82 2138 ,
139 2056 351 2141 exstitissent,
379 2058 437 2147 qui
454 2058 568 2149 ipsum
592 2058 637 2129 de
661 2059 850 2128 Lucilio'
817 2083 960 2151 ejusque
982 2062 1097 2130 Satiris
1119 2062 1274 2171 iniqnlttt

65 2178 70 2187 ’
139 2158 240 2250 atque
258 2161 450 2244 invidiosius
457 2161 631 2253 judicasse
646 2164 898 2231 criminaremur
912 2164 1053 2255 ejusque
1065 2165 1162 2233 laudi
1175 2186 1265 2261 pons

138 2264 402 2332 ticaemalevole
416 2265 652 2352 obtrectarent,
680 2289 709 2336 a
728 2266 773 2334 U.
788 2265 828 2338 G.
835 2266 931 2337 ῖ23
947 2267 1035 2334 hanc
1051 2265 1265 2358 scripsisses

138 2368 254 2454 ιὶιιιιιι,
280 2390 348 2456 qna
364 2375 399 2436 et
414 2390 511 2436 suum
529 2367 574 2437 de
591 2367 904 2460 [nciliojudicium
922 2369 1090 2461 copiosius
1113 2370 1266 2461 explica

137 2480 191 2539 ret
214 2471 513 2561 confirmaretque,
555 2474 592 2541 et
611 2472 704 2540 iacta
723 2472 790 2541 'sihi
813 2495 835 2540 ιι
858 2472 981 2541 Lucilii
1009 2471 1266 2545 admnaonbrs
1360 2516 1363 2520 ‡

140 2574 278 2661 crimina
298 2573 504 2646 dissolveret.
556 2575 661 2663 uam,
683 2577 952 2645 commemoratis
975 2597 1006 2659 v,
1028 2566 1080 2644 78
1102 2584 1156 2666 aql
1177 2588 1266 2665 qliae

140 2686 218 2745 tuor
232 2678 532 2764 obtrectatoribus,
558 2700 644 2769 quos
661 2689 700 2747 nt
717 2678 872 2746 homines
894 2679 1036 2748 insulsos
1058 2668 1286 2749 nralevoloss‘

140 2803 207 2872 que
221 2790 255 2848 et
268 2789 306 2847 ut
322 2782 455 2873 ineptos
470 2781 656 2849 Satirarum
671 2777 807 2849 suarum
819 2781 955 2874 judices
977 2782 1101 2850 acerba
1115 2783 1265 2853 irrisione

140 2884 334 2954 nominatim
360 2883 573 2977 perstringit,
604 2884 826 2976 producite.
848 2882 896 2953 81
920 2908 970 2975 sq.
992 2885 1082 2953 viros
1101 2896 1140 2956 ‘et
1165 2885 1265 2953 ammi

142 2988 290 3056 candore
309 2998 344 3055 et
359 2987 545 3055 studiorum
561 2987 805 3080 elegantiorem
816 2987 923 3056 laude
942 2988 1161 3079 conspicuos,
1185 2988 1266 3078 qni-

141 3093 203 3159 bus
219 3112 280 3158 sua
299 3092 328 3158 si
343 3091 500 3183 placeant
514 3092 658 3183 scripta,
684 3092 835 3182 impense
856 3091 1051 3182 gavisurum
1069 3115 1107 3160 ae
1120 3115 1196 3164 esso
1208 3091 1265 3178 nit,

142 3204 177 3269 et
195 3195 334 3265 istorum
355 3194 620 3263 homuncionum
639 3192 774 3263 fastidia
798 3200 832 3261 et
855 3193 1084 3265 vellicationes
1112 3204 1265 3266 contem

141 3308 290 3392 pturnm.
341 3297 415 3366 Hos
428 3299 514 3365 inter
526 3298 616 3365 viros
632 3296 760 3365 nobiles
775 3305 810 3364 et
822 3295 1160 3365 idoneos-carminum
1167 3296 1266 3390 judi,
1295 3315 1298 3323 ·

143 3425 200 3470 ces
214 3426 284 3472 non
294 3401 411 3473 ultimo
425 3402 502 3468 loco
518 3401 653 3492 ponitur
667 3401 826 3492 Valgius,
851 3399 926 3494 qni,
952 3400 1059 3491 qualis
1072 3400 1185 3488 fuerit,
1203 3401 1266 3471 'uel

143 3527 186 3574 ex
203 3507 319 3577 talium
331 3507 478 3575 virorum
491 3504 658 3572 consortio
671 3513 785 3595 potest
797 3503 947 3594 intelligi.
997 3501 1122 3574 Eidem
1139 3503 1265 3597 Valgio

142 3631 211 3682 non
225 3610 365 3679 dublum
379 3618 430 3676 est
446 3608 524 3698 quin
539 3608 639 3676 etiam
651 3607 811 3699 inscripta
824 3607 869 3701 sit
878 3606 977 3681 Libri
986 3605 1040 3675 ll„
1065 3604 1146 3677 0dr
1166 3616 1266 3701 nona,

143 3736 230 3805 quae
246 3716 392 3782 animum
406 3712 511 3803 spirat
529 3711 649 3781 amoris
665 3711 896 3805 plenissimum
909 3718 944 3776 et
959 3708 1139 3779 amicitiam
1160 3719 1266 3780 testa

142 3826 197 3889 tur
211 3818 396 3885 studiorum
412 3815 622 3884 similitudine
638 3813 949 3907 conjunctissimum.
999 3811 1159 3885 Horatius
1176 3814 1266 3885 enim

142 3920 302 4018 Valgium
317 3920 462 3991 amicum
479 3919 522 3987 ab
538 3915 759 3988 immoderato
776 3939 816 3983 ac
831 3914 995 4023 pertinaci
1007 3914 1100 3986 luctu
1121 3917 1170 3986 de
1178 3915 1266 4007 My-

144 4033 214 4092 stae
242 4024 418 4122 enjusdam
439 4029 548 4092 morte
567 4041 713 4090 avocare
734 4019 865 4106 studet,
898 4040 1054 4108 eumque,
1081 4020 1264 4113 propositis

144 4128 288 4217 solatiis,
319 4149 408 4219 quaa
422 4125 552 4220 partlm
572 4148 593 4193 e
612 4144 726 4192 rernm
747 4131 885 4207 natura,
918 4123 1044 4219 partim
1066 4147 1108 4191 ex
1127 4122 1267 4192 historia

144 4232 284 4326 repetit,
308 4240 426 4328 rogat,
452 4238 505 4318 ut,
529 4228 635 4301 missis
648 4227 810 4325 querelis,
834 4225 994 4324 pnb'licac
1009 4227 1179 4322 particeps
1192 4224 1265 4295 lae-
