<?xml version="1.0" encoding="UTF-8"?>
<!DOCTYPE html PUBLIC "-//W3C//DTD XHTML 1.0 Transitional//EN"
    "http://www.w3.org/TR/xhtml1/DTD/xhtml1-transitional.dtd">
<html xmlns="http://www.w3.org/1999/xhtml" xml:lang="en" lang="en">
 <head>
  <title>
</title>
<meta http-equiv="Content-Type" content="text/html;charset=utf-8" />
  <meta name='ocr-system' content='tesseract 3.04.00' />
  <meta name='ocr-capabilities' content='ocr_page ocr_carea ocr_par ocr_line ocrx_word'/>
</head>
<body>
  <div class='ocr_page' id='page_1' title='image "./poetarumlatinor01weicgoog_0346.png"; bbox 0 0 2768 4838; ppageno 0'>
   <div class='ocr_carea' id='block_1_1' title="bbox 263 296 1260 387">
    <p class='ocr_par' dir='ltr' id='par_1_1' title="bbox 263 296 1260 387">
     <span class='ocr_line' id='line_1_1' title="bbox 263 296 1260 387; baseline 0 -17"><span class='ocrx_word' id='word_1_1' title='bbox 263 316 312 371; x_wconf 81' lang='lat' dir='ltr'>uu</span> <span class='ocrx_word' id='word_1_2' title='bbox 325 316 545 387; x_wconf 59' lang='lat' dir='ltr'>qucum</span> <span class='ocrx_word' id='word_1_3' title='bbox 566 314 1079 369; x_wconf 69' lang='lat' dir='ltr'>mousomancrnronmuv</span> <span class='ocrx_word' id='word_1_4' title='bbox 1116 324 1122 340; x_wconf 70' lang='lat'><strong><em>¹</em></strong></span> <span class='ocrx_word' id='word_1_5' title='bbox 1169 296 1260 371; x_wconf 69' lang='lat' dir='ltr'>m·</span> 
     </span>
    </p>
   </div>
   <div class='ocr_carea' id='block_1_2' title="bbox 63 464 1375 4376">
    <p class='ocr_par' dir='ltr' id='par_1_2' title="bbox 100 464 1369 743">
     <span class='ocr_line' id='line_1_2' title="bbox 100 464 1257 561; baseline 0.002 -23"><span class='ocrx_word' id='word_1_6' title='bbox 100 475 221 538; x_wconf 65' lang='lat' dir='ltr'>xctam</span> <span class='ocrx_word' id='word_1_7' title='bbox 244 466 380 537; x_wconf 83' lang='lat' dir='ltr'>vivendi</span> <span class='ocrx_word' id='word_1_8' title='bbox 408 465 639 556; x_wconf 86' lang='lat' dir='ltr'>sentiendique</span> <span class='ocrx_word' id='word_1_9' title='bbox 670 465 836 537; x_wconf 81' lang='lat' dir='ltr'>rationem</span> <span class='ocrx_word' id='word_1_10' title='bbox 855 464 1084 556; x_wconf 73' lang='lat' dir='ltr'>Maecenatis,</span> <span class='ocrx_word' id='word_1_11' title='bbox 1114 472 1257 561; x_wconf 80' lang='lat' dir='ltr'>patroni·</span> 
     </span>
     <span class='ocr_line' id='line_1_3' title="bbox 130 566 1369 665; baseline 0.002 -24"><span class='ocrx_word' id='word_1_12' title='bbox 130 573 201 658; x_wconf 88' lang='lat' dir='ltr'>sui,</span> <span class='ocrx_word' id='word_1_13' title='bbox 225 566 351 641; x_wconf 86' lang='lat' dir='ltr'>cui-tot</span> <span class='ocrx_word' id='word_1_14' title='bbox 369 579 405 641; x_wconf 87' lang='lat' dir='ltr'>et</span> <span class='ocrx_word' id='word_1_15' title='bbox 425 579 518 641; x_wconf 79' lang='lat' dir='ltr'>tanta</span> <span class='ocrx_word' id='word_1_16' title='bbox 532 569 675 645; x_wconf 68' lang='lat' dir='ltr'>debers</span> <span class='ocrx_word' id='word_1_17' title='bbox 688 570 871 659; x_wconf 82' lang='lat' dir='ltr'>beneficia,</span> <span class='ocrx_word' id='word_1_18' title='bbox 896 592 1038 664; x_wconf 87' lang='lat' dir='ltr'>carpere</span> <span class='ocrx_word' id='word_1_19' title='bbox 1058 573 1093 641; x_wconf 89' lang='lat' dir='ltr'>iu</span> <span class='ocrx_word' id='word_1_20' title='bbox 1115 574 1259 665; x_wconf 82' lang='lat' dir='ltr'>scriptis·</span> <span class='ocrx_word' id='word_1_21' title='bbox 1365 605 1369 619; x_wconf 73' lang='lat'><em>¹</em></span> 
     </span>
     <span class='ocr_line' id='line_1_4' title="bbox 131 673 1258 743; baseline 0.002 0"><span class='ocrx_word' id='word_1_22' title='bbox 131 673 295 743; x_wconf 75' lang='lat' dir='ltr'><strong>sustinuit.</strong></span> <span class='ocrx_word' id='word_1_23' title='bbox 375 729 377 743; x_wconf 18' lang='grc' dir='ltr'>ζ</span> <span class='ocrx_word' id='word_1_24' title='bbox 1160 710 1162 715; x_wconf 94' lang='grc'><strong><em>·</em></strong></span> <span class='ocrx_word' id='word_1_25' title='bbox 1207 694 1258 725; x_wconf 48' lang='lat'>¹·-</span> 
     </span>
    </p>

    <p class='ocr_par' dir='ltr' id='par_1_3' title="bbox 131 777 1334 1383">
     <span class='ocr_line' id='line_1_5' title="bbox 190 777 1261 872; baseline 0.002 -25"><span class='ocrx_word' id='word_1_26' title='bbox 190 826 193 831; x_wconf 85' lang='lat'>·</span> <span class='ocrx_word' id='word_1_27' title='bbox 233 777 331 847; x_wconf 88' lang='lat' dir='ltr'>Sicut</span> <span class='ocrx_word' id='word_1_28' title='bbox 343 777 446 870; x_wconf 77' lang='lat' dir='ltr'>igitur</span> <span class='ocrx_word' id='word_1_29' title='bbox 459 778 635 872; x_wconf 74' lang='lat' dir='ltr'>Virgilius,</span> <span class='ocrx_word' id='word_1_30' title='bbox 661 777 736 870; x_wconf 90' lang='lat' dir='ltr'>qui,</span> <span class='ocrx_word' id='word_1_31' title='bbox 761 777 893 870; x_wconf 86' lang='lat' dir='ltr'>utiipse</span> <span class='ocrx_word' id='word_1_32' title='bbox 907 777 1027 848; x_wconf 80' lang='lat' dir='ltr'>dixisse</span> <span class='ocrx_word' id='word_1_33' title='bbox 1040 778 1159 869; x_wconf 87' lang='lat' dir='ltr'>fertur,</span> <span class='ocrx_word' id='word_1_34' title='bbox 1185 803 1261 849; x_wconf 85' lang='lat' dir='ltr'>an·-</span> 
     </span>
     <span class='ocr_line' id='line_1_6' title="bbox 132 877 1334 974; baseline 0.003 -26"><span class='ocrx_word' id='word_1_35' title='bbox 132 887 226 948; x_wconf 87' lang='lat' dir='ltr'>ctorc</span> <span class='ocrx_word' id='word_1_36' title='bbox 249 880 383 949; x_wconf 86' lang='lat' dir='ltr'>Donato</span> <span class='ocrx_word' id='word_1_37' title='bbox 401 883 436 949; x_wconf 91' lang='lat' dir='ltr'>in</span> <span class='ocrx_word' id='word_1_38' title='bbox 461 882 526 952; x_wconf 86' lang='lat' dir='ltr'>Vit</span> <span class='ocrx_word' id='word_1_39' title='bbox 549 883 665 974; x_wconf 83' lang='lat' dir='ltr'>Virgil</span> <span class='ocrx_word' id='word_1_40' title='bbox 700 877 1026 974; x_wconf 72' lang='lat' dir='ltr'>0.xv111.§.al.‚</span> <span class='ocrx_word' id='word_1_41' title='bbox 1063 905 1183 951; x_wconf 89' lang='lat' dir='ltr'>aurum</span> <span class='ocrx_word' id='word_1_42' title='bbox 1202 884 1248 952; x_wconf 92' lang='lat' dir='ltr'>de</span> <span class='ocrx_word' id='word_1_43' title='bbox 1329 934 1334 943; x_wconf 83' lang='lat'><strong>·</strong></span> 
     </span>
     <span class='ocr_line' id='line_1_7' title="bbox 132 983 1263 1078; baseline 0.003 -26"><span class='ocrx_word' id='word_1_44' title='bbox 132 993 281 1052; x_wconf 80' lang='lat' dir='ltr'><strong>stercore</strong></span> <span class='ocrx_word' id='word_1_45' title='bbox 295 983 394 1051; x_wconf 90' lang='lat' dir='ltr'>Ennii</span> <span class='ocrx_word' id='word_1_46' title='bbox 411 985 552 1078; x_wconf 80' lang='lat' dir='ltr'>collegit</span> <span class='ocrx_word' id='word_1_47' title='bbox 565 985 600 1054; x_wconf 84' lang='lat' dir='ltr'>lr.</span> <span class='ocrx_word' id='word_1_48' title='bbox 615 1008 645 1054; x_wconf 90' lang='lat' dir='ltr'>e.</span> <span class='ocrx_word' id='word_1_49' title='bbox 670 984 699 1053; x_wconf 93' lang='lat' dir='ltr'>si</span> <span class='ocrx_word' id='word_1_50' title='bbox 712 1007 828 1053; x_wconf 79' lang='lat' dir='ltr'>rerum</span> <span class='ocrx_word' id='word_1_51' title='bbox 845 984 943 1053; x_wconf 83' lang='lat' dir='ltr'>fateri</span> <span class='ocrx_word' id='word_1_52' title='bbox 957 986 1120 1067; x_wconf 84' lang='lat' dir='ltr'>volumus,</span> <span class='ocrx_word' id='word_1_53' title='bbox 1148 986 1263 1055; x_wconf 73' lang='lat' dir='ltr'>Euniic</span> 
     </span>
     <span class='ocr_line' id='line_1_8' title="bbox 131 1086 1262 1187; baseline 0.002 -33"><span class='ocrx_word' id='word_1_54' title='bbox 131 1086 341 1174; x_wconf 87' lang='lat' dir='ltr'>aliorumque</span> <span class='ocrx_word' id='word_1_55' title='bbox 353 1087 577 1176; x_wconf 82' lang='lat' dir='ltr'>antiquiorum</span> <span class='ocrx_word' id='word_1_56' title='bbox 583 1088 862 1179; x_wconf 84' lang='lat' dir='ltr'>Latiipoetarum</span> <span class='ocrx_word' id='word_1_57' title='bbox 874 1108 988 1155; x_wconf 87' lang='lat' dir='ltr'>versus</span> <span class='ocrx_word' id='word_1_58' title='bbox 1002 1088 1151 1178; x_wconf 85' lang='lat' dir='ltr'>integros</span> <span class='ocrx_word' id='word_1_59' title='bbox 1166 1104 1262 1187; x_wconf 71' lang='lat' dir='ltr'>pas-3</span> 
     </span>
     <span class='ocr_line' id='line_1_9' title="bbox 132 1189 1250 1280; baseline 0.002 -21"><span class='ocrx_word' id='word_1_60' title='bbox 132 1190 195 1259; x_wconf 86' lang='lat' dir='ltr'>sim</span> <span class='ocrx_word' id='word_1_61' title='bbox 208 1189 371 1280; x_wconf 78' lang='lat' dir='ltr'>sublegit,</span> <span class='ocrx_word' id='word_1_62' title='bbox 398 1200 433 1259; x_wconf 88' lang='lat' dir='ltr'>et</span> <span class='ocrx_word' id='word_1_63' title='bbox 452 1214 533 1258; x_wconf 91' lang='lat' dir='ltr'>suae</span> <span class='ocrx_word' id='word_1_64' title='bbox 549 1191 691 1262; x_wconf 84' lang='lat' dir='ltr'>Aeneidi</span> <span class='ocrx_word' id='word_1_65' title='bbox 705 1189 768 1257; x_wconf 84' lang='lat' dir='ltr'>-lric</span> <span class='ocrx_word' id='word_1_66' title='bbox 790 1190 856 1257; x_wconf 86' lang='lat' dir='ltr'>illic</span> <span class='ocrx_word' id='word_1_67' title='bbox 876 1190 1045 1258; x_wconf 85' lang='lat' dir='ltr'>obsoletas</span> <span class='ocrx_word' id='word_1_68' title='bbox 1067 1191 1250 1261; x_wconf 76' lang='lat' dir='ltr'>verborum</span> 
     </span>
     <span class='ocr_line' id='line_1_10' title="bbox 131 1284 1311 1383; baseline 0.004 -24"><span class='ocrx_word' id='word_1_69' title='bbox 131 1292 257 1360; x_wconf 83' lang='lat' dir='ltr'>formas</span> <span class='ocrx_word' id='word_1_70' title='bbox 271 1292 383 1362; x_wconf 84' lang='lat' dir='ltr'>nescio</span> <span class='ocrx_word' id='word_1_71' title='bbox 400 1315 467 1383; x_wconf 93' lang='lat' dir='ltr'>qua</span> <span class='ocrx_word' id='word_1_72' title='bbox 489 1293 533 1361; x_wconf 92' lang='lat' dir='ltr'>de</span> <span class='ocrx_word' id='word_1_73' title='bbox 550 1316 669 1362; x_wconf 87' lang='lat' dir='ltr'>caussa</span> <span class='ocrx_word' id='word_1_74' title='bbox 684 1292 840 1379; x_wconf 78' lang='lat' dir='ltr'>intexuit,</span> <span class='ocrx_word' id='word_1_75' title='bbox 865 1298 933 1360; x_wconf 88' lang='lat' dir='ltr'>non</span> <span class='ocrx_word' id='word_1_76' title='bbox 949 1292 1029 1361; x_wconf 89' lang='lat' dir='ltr'>ideo</span> <span class='ocrx_word' id='word_1_77' title='bbox 1049 1284 1194 1367; x_wconf 81' lang='lat' dir='ltr'>Bavium</span> <span class='ocrx_word' id='word_1_78' title='bbox 1210 1304 1263 1369; x_wconf 60' lang='lat' dir='ltr'>&#39;eti</span> <span class='ocrx_word' id='word_1_79' title='bbox 1308 1376 1311 1381; x_wconf 27' lang='grc' dir='ltr'>Ι</span> 
     </span>
    </p>

    <p class='ocr_par' dir='ltr' id='par_1_4' title="bbox 63 1392 1356 2315">
     <span class='ocr_line' id='line_1_11' title="bbox 63 1392 1259 1489; baseline 0.003 -25"><span class='ocrx_word' id='word_1_80' title='bbox 63 1432 69 1455; x_wconf 89' lang='lat'>·.</span> <span class='ocrx_word' id='word_1_81' title='bbox 131 1392 304 1465; x_wconf 80' lang='lat' dir='ltr'>Maenium</span> <span class='ocrx_word' id='word_1_82' title='bbox 323 1418 439 1464; x_wconf 90' lang='lat' dir='ltr'>amara</span> <span class='ocrx_word' id='word_1_83' title='bbox 453 1396 603 1469; x_wconf 83' lang='lat' dir='ltr'>irrisione</span> <span class='ocrx_word' id='word_1_84' title='bbox 615 1396 825 1489; x_wconf 72' lang='lat' dir='ltr'>perstrinxit,</span> <span class='ocrx_word' id='word_1_85' title='bbox 849 1395 945 1484; x_wconf 90' lang='lat' dir='ltr'>quod</span> <span class='ocrx_word' id='word_1_86' title='bbox 968 1396 1179 1484; x_wconf 88' lang='lat' dir='ltr'>antiquorum</span> <span class='ocrx_word' id='word_1_87' title='bbox 1199 1396 1259 1473; x_wconf 76' lang='lat' dir='ltr'>illi:</span> 
     </span>
     <span class='ocr_line' id='line_1_12' title="bbox 132 1497 1249 1591; baseline 0.003 -25"><span class='ocrx_word' id='word_1_88' title='bbox 132 1507 244 1567; x_wconf 85' lang='lat' dir='ltr'>esseut</span> <span class='ocrx_word' id='word_1_89' title='bbox 265 1508 443 1590; x_wconf 88' lang='lat' dir='ltr'>poetarum</span> <span class='ocrx_word' id='word_1_90' title='bbox 458 1500 615 1591; x_wconf 91' lang='lat' dir='ltr'>patroni,</span> <span class='ocrx_word' id='word_1_91' title='bbox 642 1499 704 1568; x_wconf 90' lang='lat' dir='ltr'>sed</span> <span class='ocrx_word' id='word_1_92' title='bbox 717 1508 770 1586; x_wconf 84' lang='lat' dir='ltr'>ut,</span> <span class='ocrx_word' id='word_1_93' title='bbox 788 1497 948 1590; x_wconf 85' lang='lat' dir='ltr'>juvenilis</span> <span class='ocrx_word' id='word_1_94' title='bbox 962 1507 1054 1567; x_wconf 89' lang='lat' dir='ltr'>aestu</span> <span class='ocrx_word' id='word_1_95' title='bbox 1069 1499 1249 1569; x_wconf 85' lang='lat' dir='ltr'>animi-ab-</span> 
     </span>
     <span class='ocr_line' id='line_1_13' title="bbox 130 1601 1249 1694; baseline 0.003 -26"><span class='ocrx_word' id='word_1_96' title='bbox 130 1611 263 1694; x_wconf 84' lang='lat' dir='ltr'>reptus,</span> <span class='ocrx_word' id='word_1_97' title='bbox 288 1601 420 1670; x_wconf 90' lang='lat' dir='ltr'>illorum</span> <span class='ocrx_word' id='word_1_98' title='bbox 431 1602 617 1671; x_wconf 80' lang='lat' dir='ltr'>fatuitatem</span> <span class='ocrx_word' id='word_1_99' title='bbox 630 1625 708 1670; x_wconf 91' lang='lat' dir='ltr'>cum</span> <span class='ocrx_word' id='word_1_100' title='bbox 720 1602 810 1669; x_wconf 88' lang='lat' dir='ltr'>fastu</span> <span class='ocrx_word' id='word_1_101' title='bbox 826 1611 861 1669; x_wconf 90' lang='lat' dir='ltr'>et</span> <span class='ocrx_word' id='word_1_102' title='bbox 873 1601 1083 1671; x_wconf 89' lang='lat' dir='ltr'>obtrectandi</span> <span class='ocrx_word' id='word_1_103' title='bbox 1098 1602 1249 1671; x_wconf 82' lang='lat' dir='ltr'>lubidine</span> 
     </span>
     <span class='ocr_line' id='line_1_14' title="bbox 133 1703 1344 1817; baseline 0.002 -47"><span class='ocrx_word' id='word_1_104' title='bbox 133 1703 363 1795; x_wconf 77' lang='lat' dir='ltr'>conjunctam,</span> <span class='ocrx_word' id='word_1_105' title='bbox 395 1727 499 1794; x_wconf 89' lang='lat' dir='ltr'>qnam</span> <span class='ocrx_word' id='word_1_106' title='bbox 525 1707 599 1801; x_wconf 83' lang='lat' dir='ltr'>ipse</span> <span class='ocrx_word' id='word_1_107' title='bbox 627 1715 716 1774; x_wconf 86' lang='lat' dir='ltr'>esset</span> <span class='ocrx_word' id='word_1_108' title='bbox 742 1714 914 1795; x_wconf 87' lang='lat' dir='ltr'>expertus,</span> <span class='ocrx_word' id='word_1_109' title='bbox 945 1706 1122 1795; x_wconf 75' lang='lat' dir='ltr'>castigaret</span> <span class='ocrx_word' id='word_1_110' title='bbox 1146 1714 1248 1794; x_wconf 88' lang='lat' dir='ltr'>atque</span> <span class='ocrx_word' id='word_1_111' title='bbox 1340 1792 1344 1817; x_wconf 46' lang='lat'><em>¹</em></span> 
     </span>
     <span class='ocr_line' id='line_1_15' title="bbox 130 1806 1288 1899; baseline 0.006 -26"><span class='ocrx_word' id='word_1_112' title='bbox 130 1806 257 1875; x_wconf 85' lang='lat' dir='ltr'>illatam</span> <span class='ocrx_word' id='word_1_113' title='bbox 280 1808 343 1875; x_wconf 90' lang='lat' dir='ltr'>sibi</span> <span class='ocrx_word' id='word_1_114' title='bbox 362 1808 518 1899; x_wconf 84' lang='lat' dir='ltr'>injuriam</span> <span class='ocrx_word' id='word_1_115' title='bbox 539 1809 772 1887; x_wconf 84' lang='lat' dir='ltr'>ulcisceretur;</span> <span class='ocrx_word' id='word_1_116' title='bbox 804 1807 851 1874; x_wconf 85' lang='lat' dir='ltr'>ita</span> <span class='ocrx_word' id='word_1_117' title='bbox 876 1806 976 1874; x_wconf 81' lang='lat' dir='ltr'>etiam</span> <span class='ocrx_word' id='word_1_118' title='bbox 997 1807 1248 1879; x_wconf 81' lang='lat' dir='ltr'>Horatiusnou</span> <span class='ocrx_word' id='word_1_119' title='bbox 1285 1876 1288 1881; x_wconf 87' lang='lat'>.</span> 
     </span>
     <span class='ocr_line' id='line_1_16' title="bbox 131 1908 1320 2009; baseline 0.007 -32"><span class='ocrx_word' id='word_1_120' title='bbox 131 1908 177 1977; x_wconf 90' lang='lat' dir='ltr'>ad</span> <span class='ocrx_word' id='word_1_121' title='bbox 195 1908 354 1977; x_wconf 88' lang='lat' dir='ltr'>tuendam</span> <span class='ocrx_word' id='word_1_122' title='bbox 375 1910 480 1999; x_wconf 89' lang='lat' dir='ltr'>partis</span> <span class='ocrx_word' id='word_1_123' title='bbox 504 1909 645 2000; x_wconf 89' lang='lat' dir='ltr'>alicujus</span> <span class='ocrx_word' id='word_1_124' title='bbox 674 1919 829 1976; x_wconf 82' lang='lat' dir='ltr'>sectaere</span> <span class='ocrx_word' id='word_1_125' title='bbox 857 1930 1070 1979; x_wconf 89' lang='lat' dir='ltr'>communem</span> <span class='ocrx_word' id='word_1_126' title='bbox 1091 1932 1260 2009; x_wconf 59' lang='lat' dir='ltr'>canuam:</span> <span class='ocrx_word' id='word_1_127' title='bbox 1312 1943 1320 1955; x_wconf 80' lang='grc'><em>·</em></span> 
     </span>
     <span class='ocr_line' id='line_1_17' title="bbox 131 2011 1356 2102; baseline 0.007 -24"><span class='ocrx_word' id='word_1_128' title='bbox 131 2012 292 2078; x_wconf 84' lang='lat' dir='ltr'>adversus</span> <span class='ocrx_word' id='word_1_129' title='bbox 308 2011 485 2079; x_wconf 91' lang='lat' dir='ltr'>nonnullos</span> <span class='ocrx_word' id='word_1_130' title='bbox 501 2012 691 2102; x_wconf 78' lang='lat' dir='ltr'>aequalium</span> <span class='ocrx_word' id='word_1_131' title='bbox 712 2033 850 2081; x_wconf 84' lang='lat' dir='ltr'>suorum</span> <span class='ocrx_word' id='word_1_132' title='bbox 868 2011 993 2102; x_wconf 78' lang='lat' dir='ltr'>stylum</span> <span class='ocrx_word' id='word_1_133' title='bbox 1015 2013 1104 2090; x_wconf 84' lang='lat' dir='ltr'>acuit</span> <span class='ocrx_word' id='word_1_134' title='bbox 1126 2024 1162 2083; x_wconf 88' lang='lat' dir='ltr'>et</span> <span class='ocrx_word' id='word_1_135' title='bbox 1183 2036 1250 2082; x_wconf 83' lang='lat' dir='ltr'>vc-</span> <span class='ocrx_word' id='word_1_136' title='bbox 1353 2074 1356 2087; x_wconf 86' lang='lat'><em>.</em></span> 
     </span>
     <span class='ocr_line' id='line_1_18' title="bbox 130 2113 1248 2207; baseline 0.006 -27"><span class='ocrx_word' id='word_1_137' title='bbox 130 2121 239 2180; x_wconf 88' lang='lat' dir='ltr'>terum</span> <span class='ocrx_word' id='word_1_138' title='bbox 253 2113 341 2181; x_wconf 85' lang='lat' dir='ltr'>Latii</span> <span class='ocrx_word' id='word_1_139' title='bbox 351 2118 530 2205; x_wconf 85' lang='lat' dir='ltr'>poetarum</span> <span class='ocrx_word' id='word_1_140' title='bbox 549 2137 656 2207; x_wconf 88' lang='lat' dir='ltr'>opera</span> <span class='ocrx_word' id='word_1_141' title='bbox 669 2136 787 2184; x_wconf 79' lang='lat' dir='ltr'>severo</span> <span class='ocrx_word' id='word_1_142' title='bbox 801 2114 932 2207; x_wconf 83' lang='lat' dir='ltr'>judicio</span> <span class='ocrx_word' id='word_1_143' title='bbox 948 2118 1159 2207; x_wconf 84' lang='lat' dir='ltr'>percensuit,</span> <span class='ocrx_word' id='word_1_144' title='bbox 1184 2116 1248 2187; x_wconf 87' lang='lat' dir='ltr'>scd</span> 
     </span>
     <span class='ocr_line' id='line_1_19' title="bbox 131 2217 1249 2315; baseline 0.005 -32"><span class='ocrx_word' id='word_1_145' title='bbox 131 2225 168 2283; x_wconf 93' lang='lat' dir='ltr'>ut</span> <span class='ocrx_word' id='word_1_146' title='bbox 187 2238 322 2284; x_wconf 85' lang='lat' dir='ltr'>suorum</span> <span class='ocrx_word' id='word_1_147' title='bbox 351 2218 534 2285; x_wconf 89' lang='lat' dir='ltr'>carminum</span> <span class='ocrx_word' id='word_1_148' title='bbox 559 2227 823 2311; x_wconf 89' lang='lat' dir='ltr'>contemptores,</span> <span class='ocrx_word' id='word_1_149' title='bbox 856 2217 1010 2286; x_wconf 86' lang='lat' dir='ltr'>homines</span> <span class='ocrx_word' id='word_1_150' title='bbox 1040 2220 1178 2315; x_wconf 86' lang='lat' dir='ltr'>stolidos</span> <span class='ocrx_word' id='word_1_151' title='bbox 1213 2226 1249 2289; x_wconf 87' lang='lat' dir='ltr'>et</span> 
     </span>
    </p>

    <p class='ocr_par' dir='ltr' id='par_1_5' title="bbox 82 2312 1375 4376">
     <span class='ocr_line' id='line_1_20' title="bbox 82 2312 1248 2412; baseline 0.005 -27"><span class='ocrx_word' id='word_1_152' title='bbox 82 2312 84 2319; x_wconf 70' lang='grc'><em>’</em></span> <span class='ocrx_word' id='word_1_153' title='bbox 129 2318 272 2387; x_wconf 86' lang='lat' dir='ltr'>invidiae</span> <span class='ocrx_word' id='word_1_154' title='bbox 287 2318 365 2388; x_wconf 88' lang='lat' dir='ltr'>labe</span> <span class='ocrx_word' id='word_1_155' title='bbox 380 2319 543 2406; x_wconf 87' lang='lat' dir='ltr'>suffusos,</span> <span class='ocrx_word' id='word_1_156' title='bbox 567 2321 702 2412; x_wconf 88' lang='lat' dir='ltr'>puniret</span> <span class='ocrx_word' id='word_1_157' title='bbox 718 2330 803 2389; x_wconf 89' lang='lat' dir='ltr'>etse</span> <span class='ocrx_word' id='word_1_158' title='bbox 819 2342 947 2408; x_wconf 89' lang='lat' dir='ltr'>suaque</span> <span class='ocrx_word' id='word_1_159' title='bbox 964 2322 1110 2390; x_wconf 89' lang='lat' dir='ltr'>carmina</span> <span class='ocrx_word' id='word_1_160' title='bbox 1130 2332 1248 2391; x_wconf 84' lang='lat' dir='ltr'>contm</span> 
     </span>
     <span class='ocr_line' id='line_1_21' title="bbox 129 2422 1375 2516; baseline 0.005 -27"><span class='ocrx_word' id='word_1_161' title='bbox 129 2422 262 2490; x_wconf 87' lang='lat' dir='ltr'>illorum</span> <span class='ocrx_word' id='word_1_162' title='bbox 278 2432 498 2515; x_wconf 85' lang='lat' dir='ltr'>praepostera</span> <span class='ocrx_word' id='word_1_163' title='bbox 513 2423 850 2516; x_wconf 41' lang='lat' dir='ltr'>etmalignatjudicia</span> <span class='ocrx_word' id='word_1_164' title='bbox 866 2422 1074 2492; x_wconf 85' lang='lat' dir='ltr'>defenderet</span> <span class='ocrx_word' id='word_1_165' title='bbox 1119 2425 1165 2492; x_wconf 90' lang='lat' dir='ltr'>.ln</span> <span class='ocrx_word' id='word_1_166' title='bbox 1180 2447 1248 2515; x_wconf 88' lang='lat' dir='ltr'>qua</span> <span class='ocrx_word' id='word_1_167' title='bbox 1357 2422 1375 2495; x_wconf 72' lang='grc'>’.</span> 
     </span>
     <span class='ocr_line' id='line_1_22' title="bbox 131 2525 1248 2619; baseline 0.003 -27"><span class='ocrx_word' id='word_1_168' title='bbox 131 2547 269 2593; x_wconf 85' lang='lat' dir='ltr'>caussae</span> <span class='ocrx_word' id='word_1_169' title='bbox 285 2526 480 2594; x_wconf 82' lang='lat' dir='ltr'>defensione</span> <span class='ocrx_word' id='word_1_170' title='bbox 499 2529 707 2618; x_wconf 80' lang='lat' dir='ltr'>probesuut</span> <span class='ocrx_word' id='word_1_171' title='bbox 722 2525 957 2618; x_wconf 84' lang='lat' dir='ltr'>distinguenda</span> <span class='ocrx_word' id='word_1_172' title='bbox 973 2536 1144 2619; x_wconf 86' lang='lat' dir='ltr'>tempora,</span> <span class='ocrx_word' id='word_1_173' title='bbox 1171 2528 1248 2617; x_wconf 86' lang='lat' dir='ltr'>qui·</span> 
     </span>
     <span class='ocr_line' id='line_1_23' title="bbox 128 2626 1248 2721; baseline 0.003 -26"><span class='ocrx_word' id='word_1_174' title='bbox 128 2626 193 2696; x_wconf 90' lang='lat' dir='ltr'>bns</span> <span class='ocrx_word' id='word_1_175' title='bbox 208 2628 368 2697; x_wconf 88' lang='lat' dir='ltr'>Horatius</span> <span class='ocrx_word' id='word_1_176' title='bbox 387 2639 492 2721; x_wconf 88' lang='lat' dir='ltr'>poeta</span> <span class='ocrx_word' id='word_1_177' title='bbox 511 2631 643 2699; x_wconf 88' lang='lat' dir='ltr'>Rornae</span> <span class='ocrx_word' id='word_1_178' title='bbox 659 2631 808 2699; x_wconf 89' lang='lat' dir='ltr'>innotuit</span> <span class='ocrx_word' id='word_1_179' title='bbox 867 2629 1036 2718; x_wconf 84' lang='lat' dir='ltr'>Aequales</span> <span class='ocrx_word' id='word_1_180' title='bbox 1064 2630 1137 2721; x_wconf 80' lang='lat' dir='ltr'>ejus</span> <span class='ocrx_word' id='word_1_181' title='bbox 1156 2631 1248 2700; x_wconf 88' lang='lat' dir='ltr'>Sati-</span> 
     </span>
     <span class='ocr_line' id='line_1_24' title="bbox 128 2731 1249 2825; baseline 0.004 -27"><span class='ocrx_word' id='word_1_182' title='bbox 128 2753 258 2816; x_wconf 85' lang='lat' dir='ltr'>rarum,</span> <span class='ocrx_word' id='word_1_183' title='bbox 279 2755 363 2820; x_wconf 86' lang='lat' dir='ltr'>quas</span> <span class='ocrx_word' id='word_1_184' title='bbox 377 2733 525 2822; x_wconf 89' lang='lat' dir='ltr'>primum</span> <span class='ocrx_word' id='word_1_185' title='bbox 544 2734 734 2825; x_wconf 84' lang='lat' dir='ltr'>composuit</span> <span class='ocrx_word' id='word_1_186' title='bbox 754 2742 789 2800; x_wconf 93' lang='lat' dir='ltr'>et</span> <span class='ocrx_word' id='word_1_187' title='bbox 802 2731 890 2823; x_wconf 86' lang='lat' dir='ltr'>juris</span> <span class='ocrx_word' id='word_1_188' title='bbox 910 2733 1038 2824; x_wconf 89' lang='lat' dir='ltr'>publici</span> <span class='ocrx_word' id='word_1_189' title='bbox 1059 2734 1155 2820; x_wconf 85' lang='lat' dir='ltr'>fecit,</span> <span class='ocrx_word' id='word_1_190' title='bbox 1181 2736 1249 2824; x_wconf 86' lang='lat' dir='ltr'>ipr-</span> 
     </span>
     <span class='ocr_line' id='line_1_25' title="bbox 128 2834 1281 2925; baseline 0.005 -25"><span class='ocrx_word' id='word_1_191' title='bbox 128 2835 292 2925; x_wconf 86' lang='lat' dir='ltr'>patientes</span> <span class='ocrx_word' id='word_1_192' title='bbox 310 2856 388 2901; x_wconf 92' lang='lat' dir='ltr'>cum</span> <span class='ocrx_word' id='word_1_193' title='bbox 403 2834 515 2902; x_wconf 83' lang='lat' dir='ltr'>absin</span> <span class='ocrx_word' id='word_1_194' title='bbox 534 2835 580 2902; x_wconf 91' lang='lat' dir='ltr'>eis</span> <span class='ocrx_word' id='word_1_195' title='bbox 596 2845 767 2921; x_wconf 81' lang='lat' dir='ltr'>notarunt,</span> <span class='ocrx_word' id='word_1_196' title='bbox 792 2845 934 2902; x_wconf 86' lang='lat' dir='ltr'>tumeas</span> <span class='ocrx_word' id='word_1_197' title='bbox 948 2858 969 2901; x_wconf 91' lang='lat' dir='ltr'>a</span> <span class='ocrx_word' id='word_1_198' title='bbox 984 2836 1163 2905; x_wconf 87' lang='lat' dir='ltr'>Lucilianis</span> <span class='ocrx_word' id='word_1_199' title='bbox 1180 2839 1248 2906; x_wconf 87' lang='lat' dir='ltr'>Sa·</span> <span class='ocrx_word' id='word_1_200' title='bbox 1279 2849 1281 2853; x_wconf 86' lang='grc'><strong>’</strong></span> 
     </span>
     <span class='ocr_line' id='line_1_26' title="bbox 128 2936 1255 3032; baseline 0.004 -29"><span class='ocrx_word' id='word_1_201' title='bbox 128 2937 196 3004; x_wconf 89' lang='lat' dir='ltr'>tiris</span> <span class='ocrx_word' id='word_1_202' title='bbox 213 2938 317 3029; x_wconf 84' lang='lat' dir='ltr'>longe</span> <span class='ocrx_word' id='word_1_203' title='bbox 333 2937 483 3030; x_wconf 89' lang='lat' dir='ltr'>superari</span> <span class='ocrx_word' id='word_1_204' title='bbox 500 2936 698 3005; x_wconf 76' lang='lat' dir='ltr'>dictitarent.</span> <span class='ocrx_word' id='word_1_205' title='bbox 750 2936 909 3006; x_wconf 87' lang='lat' dir='ltr'>Horatius</span> <span class='ocrx_word' id='word_1_206' title='bbox 929 2961 1007 3005; x_wconf 90' lang='lat' dir='ltr'>cum</span> <span class='ocrx_word' id='word_1_207' title='bbox 1029 2938 1096 3007; x_wconf 91' lang='lat' dir='ltr'>hoc</span> <span class='ocrx_word' id='word_1_208' title='bbox 1112 2936 1255 3032; x_wconf 73' lang='lat' dir='ltr'>judicid</span> 
     </span>
     <span class='ocr_line' id='line_1_27' title="bbox 129 3038 1246 3130; baseline 0.002 -22"><span class='ocrx_word' id='word_1_209' title='bbox 129 3038 278 3108; x_wconf 86' lang='lat' dir='ltr'>offensus</span> <span class='ocrx_word' id='word_1_210' title='bbox 304 3040 472 3108; x_wconf 87' lang='lat' dir='ltr'>Lucilium</span> <span class='ocrx_word' id='word_1_211' title='bbox 499 3039 620 3108; x_wconf 86' lang='lat' dir='ltr'>eadem</span> <span class='ocrx_word' id='word_1_212' title='bbox 642 3062 720 3108; x_wconf 88' lang='lat' dir='ltr'>usus</span> <span class='ocrx_word' id='word_1_213' title='bbox 742 3038 914 3125; x_wconf 88' lang='lat' dir='ltr'>libertate,</span> <span class='ocrx_word' id='word_1_214' title='bbox 947 3065 1015 3130; x_wconf 90' lang='lat' dir='ltr'>qua</span> <span class='ocrx_word' id='word_1_215' title='bbox 1029 3042 1120 3130; x_wconf 79' lang='lat' dir='ltr'>ille,</span> <span class='ocrx_word' id='word_1_216' title='bbox 1160 3052 1246 3111; x_wconf 87' lang='lat' dir='ltr'>teste</span> 
     </span>
     <span class='ocr_line' id='line_1_28' title="bbox 129 3140 1246 3237; baseline 0.004 -27"><span class='ocrx_word' id='word_1_217' title='bbox 129 3141 248 3211; x_wconf 83' lang='lat' dir='ltr'>Servio</span> <span class='ocrx_word' id='word_1_218' title='bbox 263 3143 306 3210; x_wconf 89' lang='lat' dir='ltr'>ad</span> <span class='ocrx_word' id='word_1_219' title='bbox 324 3144 443 3237; x_wconf 74' lang='lat' dir='ltr'>virgil.</span> <span class='ocrx_word' id='word_1_220' title='bbox 464 3143 549 3213; x_wconf 81' lang='lat' dir='ltr'>Aen</span> <span class='ocrx_word' id='word_1_221' title='bbox 566 3143 625 3211; x_wconf 70' lang='lat' dir='ltr'>xl</span> <span class='ocrx_word' id='word_1_222' title='bbox 641 3166 671 3212; x_wconf 84' lang='lat' dir='ltr'>r.</span> <span class='ocrx_word' id='word_1_223' title='bbox 694 3140 767 3229; x_wconf 74' lang='lat'>61,</span> <span class='ocrx_word' id='word_1_224' title='bbox 793 3143 837 3211; x_wconf 92' lang='lat' dir='ltr'>de</span> <span class='ocrx_word' id='word_1_225' title='bbox 851 3140 963 3212; x_wconf 87' lang='lat' dir='ltr'>Ennio</span> <span class='ocrx_word' id='word_1_226' title='bbox 974 3143 1162 3235; x_wconf 89' lang='lat' dir='ltr'>judicarat,</span> <span class='ocrx_word' id='word_1_227' title='bbox 1187 3169 1246 3214; x_wconf 90' lang='lat' dir='ltr'>re-</span> 
     </span>
     <span class='ocr_line' id='line_1_29' title="bbox 127 3243 1246 3335; baseline 0.005 -25"><span class='ocrx_word' id='word_1_228' title='bbox 127 3243 380 3334; x_wconf 88' lang='lat' dir='ltr'>prehendisset,</span> <span class='ocrx_word' id='word_1_229' title='bbox 407 3267 540 3333; x_wconf 90' lang='lat' dir='ltr'>omnes,</span> <span class='ocrx_word' id='word_1_230' title='bbox 566 3247 625 3335; x_wconf 86' lang='lat' dir='ltr'>qui</span> <span class='ocrx_word' id='word_1_231' title='bbox 645 3246 812 3314; x_wconf 88' lang='lat' dir='ltr'>Lucilium</span> <span class='ocrx_word' id='word_1_232' title='bbox 835 3269 877 3315; x_wconf 81' lang='lat' dir='ltr'>cr</span> <span class='ocrx_word' id='word_1_233' title='bbox 896 3268 979 3313; x_wconf 85' lang='lat' dir='ltr'>vero</span> <span class='ocrx_word' id='word_1_234' title='bbox 998 3269 1066 3314; x_wconf 93' lang='lat' dir='ltr'>non</span> <span class='ocrx_word' id='word_1_235' title='bbox 1088 3247 1246 3316; x_wconf 86' lang='lat' dir='ltr'>aestima·</span> 
     </span>
     <span class='ocr_line' id='line_1_30' title="bbox 128 3348 1244 3439; baseline 0.006 -28"><span class='ocrx_word' id='word_1_236' title='bbox 128 3354 220 3431; x_wconf 89' lang='lat' dir='ltr'>rent,</span> <span class='ocrx_word' id='word_1_237' title='bbox 245 3348 382 3416; x_wconf 83' lang='lat' dir='ltr'>irritavit</span> <span class='ocrx_word' id='word_1_238' title='bbox 395 3372 579 3439; x_wconf 89' lang='lat' dir='ltr'>eorumque</span> <span class='ocrx_word' id='word_1_239' title='bbox 594 3349 750 3417; x_wconf 80' lang='lat' dir='ltr'>invidiam</span> <span class='ocrx_word' id='word_1_240' title='bbox 765 3349 827 3417; x_wconf 89' lang='lat' dir='ltr'>sibi</span> <span class='ocrx_word' id='word_1_241' title='bbox 846 3351 1009 3417; x_wconf 86' lang='lat' dir='ltr'>contraxit</span> <span class='ocrx_word' id='word_1_242' title='bbox 1024 3360 1058 3417; x_wconf 88' lang='lat' dir='ltr'>et</span> <span class='ocrx_word' id='word_1_243' title='bbox 1072 3351 1244 3418; x_wconf 88' lang='lat' dir='ltr'>obtrecta-</span> 
     </span>
     <span class='ocr_line' id='line_1_31' title="bbox 129 3448 1334 3545; baseline 0.007 -30"><span class='ocrx_word' id='word_1_244' title='bbox 129 3448 263 3516; x_wconf 87' lang='lat' dir='ltr'>tionem.</span> <span class='ocrx_word' id='word_1_245' title='bbox 296 3451 352 3519; x_wconf 82' lang='lat' dir='ltr'>nd</span> <span class='ocrx_word' id='word_1_246' title='bbox 365 3451 454 3520; x_wconf 91' lang='lat' dir='ltr'>hanc</span> <span class='ocrx_word' id='word_1_247' title='bbox 473 3451 706 3545; x_wconf 88' lang='lat' dir='ltr'>repellendam</span> <span class='ocrx_word' id='word_1_248' title='bbox 719 3462 753 3520; x_wconf 92' lang='lat' dir='ltr'>et</span> <span class='ocrx_word' id='word_1_249' title='bbox 758 3451 927 3543; x_wconf 84' lang='lat' dir='ltr'>judicium</span> <span class='ocrx_word' id='word_1_250' title='bbox 944 3452 987 3520; x_wconf 91' lang='lat' dir='ltr'>de</span> <span class='ocrx_word' id='word_1_251' title='bbox 1004 3451 1134 3521; x_wconf 92' lang='lat' dir='ltr'>Lucilio</span> <span class='ocrx_word' id='word_1_252' title='bbox 1148 3476 1245 3523; x_wconf 87' lang='lat' dir='ltr'>suum</span> <span class='ocrx_word' id='word_1_253' title='bbox 1331 3530 1334 3543; x_wconf 53' lang='lat'><strong><em>‚</em></strong></span> 
     </span>
     <span class='ocr_line' id='line_1_32' title="bbox 128 3551 1320 3647; baseline 0.008 -30"><span class='ocrx_word' id='word_1_254' title='bbox 128 3551 358 3619; x_wconf 89' lang='lat' dir='ltr'>illustrandum</span> <span class='ocrx_word' id='word_1_255' title='bbox 373 3554 705 3645; x_wconf 88' lang='lat' dir='ltr'>confirmandumque</span> <span class='ocrx_word' id='word_1_256' title='bbox 726 3555 831 3622; x_wconf 86' lang='lat' dir='ltr'>omnis</span> <span class='ocrx_word' id='word_1_257' title='bbox 848 3554 920 3647; x_wconf 85' lang='lat' dir='ltr'>ejus</span> <span class='ocrx_word' id='word_1_258' title='bbox 932 3556 969 3622; x_wconf 91' lang='lat' dir='ltr'>in</span> <span class='ocrx_word' id='word_1_259' title='bbox 984 3555 1099 3624; x_wconf 86' lang='lat' dir='ltr'>Satiris</span> <span class='ocrx_word' id='word_1_260' title='bbox 1114 3565 1245 3647; x_wconf 86' lang='lat' dir='ltr'>spectat</span> <span class='ocrx_word' id='word_1_261' title='bbox 1315 3608 1320 3616; x_wconf 80' lang='grc'><strong>-</strong></span> 
     </span>
     <span class='ocr_line' id='line_1_33' title="bbox 129 3654 1246 3749; baseline 0.005 -27"><span class='ocrx_word' id='word_1_262' title='bbox 129 3654 310 3746; x_wconf 89' lang='lat' dir='ltr'>disputatio</span> <span class='ocrx_word' id='word_1_263' title='bbox 325 3654 368 3722; x_wconf 90' lang='lat' dir='ltr'>de</span> <span class='ocrx_word' id='word_1_264' title='bbox 389 3656 459 3725; x_wconf 90' lang='lat' dir='ltr'>aliis</span> <span class='ocrx_word' id='word_1_265' title='bbox 480 3659 634 3749; x_wconf 64' lang='lat' dir='ltr'>poetis!</span> <span class='ocrx_word' id='word_1_266' title='bbox 661 3658 754 3728; x_wconf 88' lang='lat' dir='ltr'>Nihil</span> <span class='ocrx_word' id='word_1_267' title='bbox 775 3659 810 3725; x_wconf 91' lang='lat' dir='ltr'>in</span> <span class='ocrx_word' id='word_1_268' title='bbox 831 3657 883 3725; x_wconf 88' lang='lat' dir='ltr'>his</span> <span class='ocrx_word' id='word_1_269' title='bbox 903 3658 1016 3747; x_wconf 89' lang='lat' dir='ltr'>inique</span> <span class='ocrx_word' id='word_1_270' title='bbox 1038 3658 1246 3749; x_wconf 87' lang='lat' dir='ltr'>nimiumque</span> 
     </span>
     <span class='ocr_line' id='line_1_34' title="bbox 128 3758 1244 3854; baseline 0.005 -29"><span class='ocrx_word' id='word_1_271' title='bbox 128 3780 243 3827; x_wconf 88' lang='lat' dir='ltr'>severe</span> <span class='ocrx_word' id='word_1_272' title='bbox 261 3758 387 3825; x_wconf 89' lang='lat' dir='ltr'>dictum</span> <span class='ocrx_word' id='word_1_273' title='bbox 406 3759 449 3827; x_wconf 92' lang='lat' dir='ltr'>de</span> <span class='ocrx_word' id='word_1_274' title='bbox 463 3760 575 3828; x_wconf 90' lang='lat' dir='ltr'>Ennio</span> <span class='ocrx_word' id='word_1_275' title='bbox 598 3762 736 3852; x_wconf 81' lang='lat' dir='ltr'>ubisque</span> <span class='ocrx_word' id='word_1_276' title='bbox 753 3760 992 3850; x_wconf 88' lang='lat' dir='ltr'>antiquioribus</span> <span class='ocrx_word' id='word_1_277' title='bbox 1013 3761 1103 3829; x_wconf 88' lang='lat' dir='ltr'>Latii</span> <span class='ocrx_word' id='word_1_278' title='bbox 1123 3763 1244 3854; x_wconf 88' lang='lat' dir='ltr'>poetis,</span> 
     </span>
     <span class='ocr_line' id='line_1_35' title="bbox 127 3860 1284 3957; baseline 0.007 -30"><span class='ocrx_word' id='word_1_279' title='bbox 127 3862 337 3951; x_wconf 90' lang='lat' dir='ltr'>quiquidem</span> <span class='ocrx_word' id='word_1_280' title='bbox 357 3861 451 3930; x_wconf 88' lang='lat' dir='ltr'>haud</span> <span class='ocrx_word' id='word_1_281' title='bbox 470 3863 635 3931; x_wconf 88' lang='lat' dir='ltr'>immerito</span> <span class='ocrx_word' id='word_1_282' title='bbox 649 3865 683 3932; x_wconf 94' lang='lat' dir='ltr'>in</span> <span class='ocrx_word' id='word_1_283' title='bbox 702 3860 903 3956; x_wconf 87' lang='lat' dir='ltr'>posteritatis</span> <span class='ocrx_word' id='word_1_284' title='bbox 925 3885 985 3932; x_wconf 88' lang='lat' dir='ltr'>ore</span> <span class='ocrx_word' id='word_1_285' title='bbox 1009 3874 1119 3933; x_wconf 87' lang='lat' dir='ltr'>essent</span> <span class='ocrx_word' id='word_1_286' title='bbox 1143 3876 1246 3957; x_wconf 86' lang='lat' dir='ltr'>atque</span> <span class='ocrx_word' id='word_1_287' title='bbox 1276 3880 1284 3900; x_wconf 80' lang='lat'>⁸</span> 
     </span>
     <span class='ocr_line' id='line_1_36' title="bbox 126 3961 1294 4059; baseline 0.009 -29"><span class='ocrx_word' id='word_1_288' title='bbox 126 3961 277 4058; x_wconf 48' lang='lat' dir='ltr'>honore&gt;</span> <span class='ocrx_word' id='word_1_289' title='bbox 319 3965 506 4059; x_wconf 80' lang='lat' dir='ltr'>Progressa</span> <span class='ocrx_word' id='word_1_290' title='bbox 522 3968 684 4058; x_wconf 87' lang='lat' dir='ltr'>temporis</span> <span class='ocrx_word' id='word_1_291' title='bbox 699 3976 911 4036; x_wconf 85' lang='lat' dir='ltr'>accesserunt</span> <span class='ocrx_word' id='word_1_292' title='bbox 923 3967 1008 4034; x_wconf 88' lang='lat' dir='ltr'>aliae</span> <span class='ocrx_word' id='word_1_293' title='bbox 1026 3991 1180 4054; x_wconf 83' lang='lat' dir='ltr'>caussae,</span> <span class='ocrx_word' id='word_1_294' title='bbox 1204 3989 1247 4040; x_wconf 79' lang='lat' dir='ltr'>ex</span> <span class='ocrx_word' id='word_1_295' title='bbox 1280 3968 1294 4045; x_wconf 69' lang='lat' dir='ltr'>‘s&#39;</span> 
     </span>
     <span class='ocr_line' id='line_1_37' title="bbox 126 4065 1247 4164; baseline 0.005 -31"><span class='ocrx_word' id='word_1_296' title='bbox 126 4065 259 4135; x_wconf 88' lang='lat' dir='ltr'>Horatii</span> <span class='ocrx_word' id='word_1_297' title='bbox 272 4070 340 4137; x_wconf 85' lang='lat' dir='ltr'>vita</span> <span class='ocrx_word' id='word_1_298' title='bbox 355 4078 427 4138; x_wconf 90' lang='lat' dir='ltr'>tum</span> <span class='ocrx_word' id='word_1_299' title='bbox 441 4069 571 4161; x_wconf 85' lang='lat' dir='ltr'>privata</span> <span class='ocrx_word' id='word_1_300' title='bbox 587 4080 660 4136; x_wconf 91' lang='lat' dir='ltr'>tum</span> <span class='ocrx_word' id='word_1_301' title='bbox 676 4072 816 4164; x_wconf 87' lang='lat' dir='ltr'>publica</span> <span class='ocrx_word' id='word_1_302' title='bbox 834 4069 1060 4161; x_wconf 86' lang='lat' dir='ltr'>repetendae,</span> <span class='ocrx_word' id='word_1_303' title='bbox 1086 4092 1174 4160; x_wconf 90' lang='lat' dir='ltr'>quae</span> <span class='ocrx_word' id='word_1_304' title='bbox 1192 4071 1247 4139; x_wconf 84' lang='lat' dir='ltr'>el-·</span> 
     </span>
     <span class='ocr_line' id='line_1_38' title="bbox 125 4164 1274 4266; baseline 0.004 -31"><span class='ocrx_word' id='word_1_305' title='bbox 125 4170 281 4258; x_wconf 84' lang='lat' dir='ltr'>licerent,</span> <span class='ocrx_word' id='word_1_306' title='bbox 312 4182 367 4262; x_wconf 90' lang='lat' dir='ltr'>ut,</span> <span class='ocrx_word' id='word_1_307' title='bbox 401 4172 567 4266; x_wconf 90' lang='lat' dir='ltr'>quidquid</span> <span class='ocrx_word' id='word_1_308' title='bbox 602 4178 796 4246; x_wconf 83' lang='lat' dir='ltr'>carminum</span> <span class='ocrx_word' id='word_1_309' title='bbox 831 4173 1009 4256; x_wconf 85' lang='lat' dir='ltr'>scriberet,</span> <span class='ocrx_word' id='word_1_310' title='bbox 1047 4164 1274 4241; x_wconf 85' lang='lat' dir='ltr'>severiorem¹</span> 
     </span>
     <span class='ocr_line' id='line_1_39' title="bbox 125 4269 1250 4376; baseline -0.002 -32"><span class='ocrx_word' id='word_1_311' title='bbox 125 4269 286 4367; x_wconf 85' lang='lat' dir='ltr'>imprimis</span> <span class='ocrx_word' id='word_1_312' title='bbox 299 4298 436 4368; x_wconf 89' lang='lat' dir='ltr'>eorum,</span> <span class='ocrx_word' id='word_1_313' title='bbox 462 4279 520 4376; x_wconf 90' lang='lat' dir='ltr'>qui</span> <span class='ocrx_word' id='word_1_314' title='bbox 532 4276 721 4375; x_wconf 72' lang='lat' dir='ltr'>poeticam</span> <span class='ocrx_word' id='word_1_315' title='bbox 738 4276 922 4370; x_wconf 72' lang='lat' dir='ltr'>utemipsi</span> <span class='ocrx_word' id='word_1_316' title='bbox 935 4275 1056 4345; x_wconf 85' lang='lat' dir='ltr'>callere</span> <span class='ocrx_word' id='word_1_317' title='bbox 1077 4275 1142 4345; x_wconf 81' lang='lat' dir='ltr'>sibi</span> <span class='ocrx_word' id='word_1_318' title='bbox 1154 4273 1250 4342; x_wconf 85' lang='lat' dir='ltr'>vidc-</span> 
     </span>
    </p>
   </div>
   <div class='ocr_carea' id='block_1_3' title="bbox 0 0 1388 4838">
    <p class='ocr_par' dir='ltr' id='par_1_6' title="bbox 0 0 1388 4838">
     <span class='ocr_line' id='line_1_40' title="bbox 0 0 1388 4838; baseline 0 0"><span class='ocrx_word' id='word_1_319' title='bbox 0 0 1388 4838; x_wconf 95' lang='lat' dir='ltr'> </span> 
     </span>
    </p>
   </div>
  </div>
 </body>
</html>
