2768 4838
35 224 42 295 ἶ
124 225 202 305 lbfl
365 220 1016 301 ιιαιιιιιιιιοιιιιιιιοιιιιιι

124 408 209 479 dore
226 403 439 474 obscuratam
453 401 715 493 exstinctamque
728 400 844 470 videri.
896 399 993 484 Quot
1004 372 1093 467 enim
1104 394 1255 490 poetae,-

126 537 153 580 s1
141 510 222 580 vel
244 529 348 576 unum
368 504 529 575 ovidium
548 514 668 574 testam
688 505 874 594 sequimur,
898 503 956 570 illa
974 491 1158 570 floruerunt
1179 524 1243 570 ae-

112 623 213 701 tate,
237 633 305 681 uon
318 610 419 679 inrita
431 608 588 678 Minerva
601 606 777 691 Musarum
794 605 908 675 studiis
922 613 1118 725 operantes,
1152 625 1242 694 quo-

68 790 74 799 ,
126 739 201 785 ιιιιιι
213 712 258 782 ne
275 712 411 781 nomina
427 710 565 802 quidem
585 710 682 780 uobis
703 717 910 795 constarent,
935 709 997 776 nisi
985 707 1244 776 Sulmonensis
1345 756 1351 773 .

126 815 182 887 illc
199 825 304 910 poeta
322 817 389 883 suis
405 814 603 883 carminibus
623 835 741 882 eorum
756 812 952 881 memoriam
968 811 1152 903 posteritati
1170 820 1245 878 tra-

128 921 266 991 didisset
280 927 381 1007 atque
395 914 632 985 immortalitati
645 915 922 987 commendasset.
972 913 1088 1002 Atque
1102 911 1147 980 de
1161 911 1245 983 cin-

127 1048 173 1093 na
184 1031 318 1109 nostro,
343 1019 388 1088 ad
403 1042 505 1110 quem
511 1019 587 1112 jam
600 1041 676 1087 mea
690 1019 778 1087 redit
793 1015 991 1110 disputatio,
1018 1039 1120 1105 quam
1134 1036 1247 1108 pauca

128 1135 206 1196 sunt
230 1146 317 1243 quae
350 1131 525 1215 comperta
553 1120 736 1208 habemus,
773 1120 869 1207 licet,
898 1120 947 1188 uti
968 1118 1129 1204 vidimus,
1167 1140 1247 1187 cunr

129 1227 264 1298 summis
283 1225 360 1294 viris
381 1235 416 1293 ct
434 1225 655 1293 familiaritate
676 1233 711 1293 et
728 1224 871 1292 amicitia
885 1221 1024 1315 junctus
1040 1221 1224 1291 Romae
1192 1244 1246 1289 vr-

128 1338 223 1423 veret
235 1351 346 1419 neque
365 1329 490 1423 ingenii
478 1328 742 1429 doctrinaeque
760 1326 863 1399 laude
877 1333 1025 1414 emeret,
1050 1334 1088 1396 ut
1098 1322 1187 1419 Cap.
1201 1324 1246 1393 ll.
1327 1372 1337 1401 ·,

130 1431 338 1506 docebimus

448 1720 451 1725 ,
527 1628 855 1707 Osronlb

137 1772 200 1853 De
225 1769 267 1845 C.
280 1767 440 1842 Helvii
468 1765 640 1842 Cinnae
662 1767 856 1871 Ingenio
881 1775 923 1840 ct
952 1766 1254 1893 Carminibus!

177 2038 180 2043 ’
235 2040 342 2113 Nobis
357 2040 401 2110 de
411 2041 546 2133 iugenio
561 2050 596 2111 et
607 2043 807 2111 carminibus
821 2041 860 2113 0.
871 2041 984 2111 Helvii
999 2040 1126 2112 Cinnae
1140 2032 1260 2111 dictu-¹

134 2147 179 2217 ris
199 2144 394 2245 colligepda-
412 2153 446 2212 et
468 2145 675 2237 'exploranda
698 2155 775 2214 sunt
802 2145 859 2211 illa
881 2147 1082 2238 scriptorum
1101 2154 1254 2214 veterum

54 2267 61 2277 ‘
134 2252 229 2336 loca,
254 2248 288 2317 in
311 2248 431 2337 quibus
445 2249 570 2323 mentio
587 2247 660 2341 ejus
682 2248 806 2339 injecta
824 2248 988 2315 iuvenitur
1009 2258 1043 2315 et
1059 2250 1254 2336 carminum,

136 2375 224 2443 quae
240 2351 389 2442 scripsit,
414 2349 670 2440 doctrinaeque,
696 2374 764 2440 qua
784 2352 959 2419 instructus
977 2352 1058 2438 fuit,
1082 2353 1168 2425 ratio
1188 2351 1254 2419 lra-

124 2457 245 2537 ¹betur
296 2453 399 2521 Hunc
419 2453 687 2531 testimoniorum
707 2453 918 2522 tecensum
898 2477 979 2545 Jure
1000 2455 1211 2575 auspicamur
1234 2479 1257 2523 a

139 2556 291 2641 Catullo,
317 2555 376 2645 qui
398 2553 442 2623 de
465 2552 630 2648 Zmyrna,
664 2556 868 2625 nobilissimo
891 2556 965 2650 ejus
989 2579 1111 2651 opere,
1143 2536 1256 2628 com.

137 2658 245 2731 XCV
269 2658 335 2725 ita·

193 2760 355 2848 Zmyrna
369 2779 439 2826 mer
429 2755 596 2828 Cinnae
612 2780 742 2829 nouom
752 2767 836 2854 post
850 2758 1001 2853 deniqne
1013 2782 1172 2848 messem

248 2860 369 2956 Quum
382 2868 509 2954 coepta
522 2869 590 2949 est,
615 2886 813 2957 nouamque
826 2863 926 2932 edita
933 2869 1017 2955 post
1030 2862 1201 2935 biemern:

193 2962 317 3036 Miltia
332 2984 440 3059 quum
453 2964 589 3035 interea
602 2968 799 3061 qrriugerrta
812 2966 1024 3039 Hortensius
1037 2989 1106 3037 uuo

197 3167 359 3259 Zmyrna
373 3192 484 3240 cacos
496 3169 622 3242 Atacis
629 3173 772 3266 penitus
789 3171 947 3240 mittetur
965 3172 1019 3240 ad
1033 3174 1171 3258 undas,-

250 3271 447 3362 Zmymom
460 3273 592 3344 incuso
604 3275 1028 3369 diuseculoperoolueat.
1085 3352 1089 3358 ,

177 3371 248 3457 ‚At
268 3373 387 3445 Volusi
401 3378 549 3446 nauales
577 3416 622 3465 -τ
653 3417 699 3432 -
726 3417 779 3434 -
802 3418 857 3432 -
1096 3378 1099 3384 ⁴

248 3475 298 3545 Et
318 3479 424 3548 loxos
436 3478 606 3559 scombris
620 3503 731 3575 saepe
743 3480 878 3551 dabant
893 3480 1040 3554 tunicas.

198 3576 325 3650 Parva
338 3582 408 3650 mci
421 3582 509 3651 mibi
527 3591 608 3652 suut
620 3576 724 3654 cordi
738 3593 961 3654 monumenta
971 3625 1025 3641 --

252 3681 303 3750 At
310 3686 469 3777 populus
484 3685 618 3756 tumido
634 3687 801 3780 gaudeat
813 3688 1039 3758 Antimacho.

149 3780 228 3855 Hoc
245 3785 365 3854 misere
378 3786 538 3857 affectum
548 3791 671 3860 Catulli
685 3814 821 3860 carmen
833 3791 913 3860 data
928 3791 993 3859 hac
1008 3791 1184 3859 occasione
1200 3811 1265 3881 pro

151 3885 236 3953 r'irili
255 3888 490 3960 illustrabimus
510 3893 613 3998 idque
636 3903 809 3986 nmquam
832 3895 955 3973 ducem
977 3895 1082 3962 secuti
1103 3894 1267 3961 addemus

54 4056 59 4071 ,
153 4010 212 4075 ea,
236 4013 323 4079 quae
339 3993 435 4062 nobis
456 3995 503 4064 de
519 3978 677 4066 Cinnae
667 3998 821 4121 ingenio·
830 4008 865 4067 et
888 3996 1088 4066 carminibus
1110 3998 1267 4064 irmotue·

151 4099 235 4160 runt.
282 4091 431 4164 Catullus
443 4099 574 4219 maguis
589 4098 742 4170 laudibus
758 4102 855 4169 amici
873 4102 923 4170 sui
940 4122 1093 4186 carmen,
1119 4101 1269 4219 Zmea

152 4190 363 4287 inscriptum,
390 4197 538 4270 effert
510 4225 625 4296 eique,
655 4203 748 4296 qnod
765 4202 1015 4323 diligentissima
1035 4227 1116 4272 eura
1134 4202 1176 4272 sit
1197 4202 1324 4272 ela·.
