2768 4838
383 290 437 340 on
464 293 496 341 c.
522 290 684 340 vnuoro
701 289 823 341 -nuro
845 288 1004 343 ronan
1172 264 1262 341 ,221

142 447 374 540 Glandorpius
393 448 428 515 in
454 445 579 521 Onom.
600 471 636 540 p.
659 445 749 517 llo.
771 446 903 517 Horatii
923 445 1134 517 scholiastae
1155 444 1200 517 de
1220 469 1265 517 eo

141 553 245 620 haec:
271 551 388 621 Schol
400 550 504 640 Cruq.
521 553 565 619 ad
580 551 651 623 Sat.
667 549 869 643 1Χ.’ρ.392.
881 548 1046 643 „hicjiiit
1067 548 1266 621 Gramma·

141 658 233 735 tiens„
261 655 355 723 illiue
382 656 550 746 temporis
575 655 817 742 doctissimus,
853 654 991 722 amictu
1011 651 1267 743 etfamiliaris

143 759 320 831 Ηοφαιιίἱέ6
347 759 509 826 etheron
523 757 568 824 ad
582 757 725 848 Epistol
742 780 771 824 c.
786 778 865 843 enm
886 757 1096 848 scriptorem
1114 763 1267 849 tragoe-

141 863 289 934 diarum
318 870 353 928 et
377 859 593 952 Porphyrion
622 859 751 927 ibidem
771 860 980 950 scriptorem
1002 858 1268 929 comoediarum

142 965 325 1057 appellant.
379 963 534 1047 Quorum
546 962 736 1031 testimonio
751 963 812 1030 etsi
821 961 903 1053 jure
914 962 1267 1054 parum'hibnithan-

141 1071 218 1160 gius
233 1067 267 1134 in
283 1065 411 1136 Vindio.
435 1067 495 1133 Tr.
512 1067 555 1134 R.
578 1089 613 1158 p.
630 1065 708 1151 1⁰..
734 1074 846 1133 tamen
868 1088 937 1134 non
955 1088 1126 1152 veremur,
1152 1088 1213 1150 ne,
1238 1064 1268 1135 ei

142 1193 221 1239 eum
236 1179 270 1237 et
284 1169 549 1237 Grammaticum
562 1169 666 1237 fuisse
682 1168 822 1237 dicimus
839 1178 874 1236 et
885 1169 1047 1255 Poetam,
1068 1169 1175 1258 qualia
1188 1169 1268 1239 tuc-

141 1275 184 1341 rit
201 1274 257 1340 ille
274 1272 425 1340 Valerius
439 1271 543 1356 Cato,
560 1281 696 1340 auctore
710 1272 874 1340 Suetonio
897 1270 930 1340 d.
945 1272 1061 1340 illustr.
1076 1270 1138 1342 Gr.
1155 1294 1184 1338 c.
1193 1270 1266 1360 11„
1335 1316 1338 1325 ·

142 1377 284 1445 multum
307 1376 469 1444 fallamur.
523 1375 583 1443 Vir
605 1374 725 1443 doctus
749 1375 833 1461 fiat,
860 1398 881 1442 a
900 1362 1042 1467 poeticis
1065 1373 1181 1443 studiis
1198 1396 1277 1444 non·

143 1480 287 1565 alienus,
318 1478 465 1567 ideoque
485 1478 618 1547 Horatii
642 1477 882 1547 consuetudine
904 1488 940 1546 et
965 1477 1110 1547 amicitia
1132 1476 1264 1569 dignm

142 1581 279 1650 Eodem
295 1582 328 1648 in
342 1583 418 1649 loeo
433 1605 474 1648 ac
487 1603 627 1649 numero
641 1580 735 1650 haud
750 1581 852 1649 dubie
865 1580 1048 1650 habendus,
1058 1588 1110 1649 est
1121 1588 1266 1670 uterque

148 1685 341 1766 Viscorum,
356 1684 401 1752 de
416 1685 536 1773 quibus
543 1686 658 1754 Acron
672 1684 717 1751 ad
730 1684 764 1752 h
778 1682 934 1772 l„Viaci
948 1680 1265 1783 duofratreejue-

142 1794 241 1874 runt,
269 1786 391 1880 optimi
401 1794 543 1878 poetae.
595 1786 672 1856 Alii
690 1786 812 1855 dicunt
829 1785 1110 1880 Oriticocfuicce.
1151 1785 1267 1855 Pater

144 1912 284 1973 eorum,
335 1887 455 1957 Vilica
479 1888 618 1974 Viscus,
652 1892 813 1981 quomoie
836 1896 870 1958 et
891 1890 1024 1959 divitiis
1048 1897 1083 1960 et
1105 1887 1268 1959 uiuicitiu

90 2006 101 2031 ⁴
142 1993 303 2086 Augusti
318 1992 439 2060 clarus
460 1999 567 2076 emet,
593 1992 631 2060 iu
648 1993 801 2084 equestri
813 1999 935 2062 tumeo
946 1992 1073 2062 ordine
1079 1991 1268 2086 perduro

142 2097 216 2178 vit,
243 2116 322 2163 cum
324 2093 431 2189 filim
447 2117 529 2163 auos
543 2093 922 2189 Senatoreeseciaaet.“
962 2096 1020 2165 Ad
1033 2096 1175 2165 verbnm
1188 2116 1268 2165 cum

143 2199 279 2268 Acrone
308 2199 471 2265 consentit
492 2197 609 2270 Schol.
636 2196 740 2289 Cruq.
768 2223 803 2292 p.
825 2197 934 2289 4⁰0„
967 2197 1030 2267 sed
1051 2197 1270 2289 Porphyrion

143 2301 226 2370 nihil
242 2300 429 2388 adnotavit,
456 2302 535 2368 licet
549 2301 586 2368 id
600 2303 789 2394 promiserit
804 2301 849 2369 ad
864 2249 978 2369 lochm
986 2302 1056 2371 Sat.
1070 2301 1097 2375 Ι.
1113 2299 1150 2369 9
1163 2322 1200 2370 v.
1197 2286 1270 2375 22

246 2402 288 2473 Si
306 2403 392 2472 bene
407 2427 464 2472 me
477 2405 575 2491 aovi,
600 2425 670 2473 oon
689 2404 828 2473 Vmorem
838 2404 957 2496 pluria
973 2403 1139 2491 amicum,
1190 2462 1194 2473 .

246 2504 329 2576 Nou
349 2505 643 2601 iariummciea:
666 2529 752 2576 nom
764 2507 843 2602 quia
856 2529 915 2577 me
926 2506 1083 2583 ccritere
1090 2507 1238 2629 φωνῶ

244 2609 319 2678 Aut
334 2611 436 2679 citius
442 2612 556 2702 possit
570 2606 720 2680 veruta?

142 2712 203 2784 ubi
216 2711 318 2782 haec.
344 2713 426 2799 „De
445 2713 546 2782 Viaco
560 2713 659 2805 infru
674 2714 856 2792 dicetur&
880 2732 950 2802 quo
972 2710 1134 2782 credibile
1154 2709 1270 2782 estu'·

142 2817 296 2909 gnificari
323 2816 453 2884 Satirae
475 2817 518 2887 X
542 2839 678 2884 versum
703 2814 764 2884 8³.
825 2817 904 2884 Non
926 2816 1048 2884 mirum
1076 2817 1163 2901 hoc,
1189 2836 1269 2885 cum

142 2920 207 2989 hos
225 2918 488 2988 Scholiastarum
503 2917 770 2987 Commentarios
791 2940 860 2986 non
880 2918 1033 3011 integros
1055 2919 1101 2986 ad
1119 2927 1269 2989 nostram
1333 2912 1344 2935 ⁰

144 3032 288 3091 aetatem
304 3023 452 3113 perlatos
467 3045 540 3089 esse
555 3030 693 3090 constet
745 3023 927 3090 Praeterea
947 3022 1075 3113 silentio
1089 3021 1146 3090 hic
1160 3021 1269 3091 omitti

122 3126 276 3215 nequit,
302 3125 370 3193 hoc
393 3123 556 3193 Scholion
576 3126 611 3192 in
629 3125 708 3194 edit
724 3124 827 3194 Basil.
846 3120 976 3210 1555..
1014 3146 1081 3213 qua
1101 3135 1194 3213 utor,
1218 3125 1268 3197 tiu

143 3228 230 3321 legi:
257 3226 364 3314 „Nou
377 3224 541 3299 Fuscum.
568 3227 619 3295 Et
632 3228 784 3296 Fuscum
802 3234 836 3295 et
860 3225 997 3295 Varum
1018 3226 1120 3319 (sici)
1142 3227 1280 3299 Horo·

144 3333 213 3400 tim
227 3332 362 3400 amicos
376 3330 509 3400 habuit.
560 3330 621 3399 De
642 3330 759 3400 Fuaco
780 3327 880 3423 infru
902 3329 1075 3401 dicetur.“
1126 3330 1169 3399 ld
1188 3352 1268 3426 cor-

144 3435 233 3519 rexi,
284 3457 360 3501 cum
389 3436 513 3526 partim
539 3433 709 3518 intexto,
749 3457 851 3524 quem
878 3431 937 3500 illa
965 3431 1069 3501 editio
1092 3433 1269 3527 expreadt,

124 3538 267 3630 partim
284 3537 318 3603 in
340 3536 590 3605 Commentario
611 3537 752 3607 licronis
770 3535 960 3607 adnotantis
983 3534 1030 3602 ad
1045 3535 1119 3604 h.'l
1168 3582 1192 3623 ‚‚
1203 3534 1269 3609 Vi-

90 3667 93 3671 ·
143 3657 224 3710 acuo
238 3639 500 3708 diaertuailliua
516 3641 684 3732 temporis
704 3638 818 3709 homo.
869 3637 1040 3706 Nonnulli
1047 3645 1197 3730 poetam
1208 3639 1269 3713 di-

144 3750 243 3826 cuot‚
269 3743 425 3810 amicum
439 3742 623 3823 Ηοναῑὶὶειι
648 3743 739 3812 nulla
753 3739 1027 3834 deprehendatur
1039 3741 1189 3812 lectionis
1204 3766 1269 3813 van

82 3853 89 3862 '
143 3848 252 3915 rietm.
307 3846 345 3914 Si
363 3867 445 3913 vero
468 3845 736 3936 aPorphyrione
757 3847 803 3913 ita
823 3845 949 3912 lectum
970 3866 1045 3913 esse
1067 3854 1167 3915 certo·
1183 3866 1268 3917 con·

145 3959 273 4034 staret‚.
293 3957 351 4017 aut
369 3947 449 4015 huic
471 3947 604 4016 lectioni
627 3949 757 4036 aliquot
777 3946 944 4018 Codicum
964 3945 1067 4017 hodie
1087 3950 1270 4023 accederet

144 4051 342 4136 auctoritas,
377 4051 459 4118 nihil
482 4073 549 4142 ego
572 4049 761 4119 dubitarem
794 4050 909 4118 Fusco
934 4047 992 4119 hic
1008 4053 1196 4145 concedere
1212 4055 1267 4123 lo·

120 4179 242 4257 veum,
277 4178 356 4223 cum
384 4152 521 4222 Fuscus
547 4152 721 4242 Aristius,
757 4176 876 4244 quem,
916 4162 954 4249 ut
984 4177 1089 4246 supra
1112 4157 1265 4243 vidimus,

122 4310 125 4320 .
144 4258 353 4329 scholiastae
373 4254 627 4352 tragoediarum
651 4265 686 4327 et
707 4256 957 4329 comoediarum
978 4258 1178 4354 scriptorem
1210 4258 1265 4331 di-
