2768 4838
363 302 418 361 oe
442 302 476 355 c.
502 300 672 353 uenero
697 298 827 355 ornus
849 294 1011 353 roera
1173 274 1253 355 m

134 459 210 528 tum
232 455 358 527 decem
378 456 481 526 anais
504 456 662 526 admavit
686 454 762 546 14).
812 453 998 526 Levissima
1017 453 1252 549 discrepantia,
1333 518 1337 525 .

132 584 223 652 quae
235 561 351 628 neseio
371 583 414 627 an
426 559 585 651 imputari
607 559 732 628 debeat
751 579 819 626 uon
839 558 1068 645 tansorna,
1085 582 1189 649 quam
1208 555 1270 628 li·'

134 665 267 750 brariis,
293 664 372 754 qui,
406 664 531 754 scripto
552 664 694 731 sedasse
713 662 771 729 ilio
791 682 934 731 numero
956 682 1026 729 non
1046 662 1166 750 mers,
1190 662 1252 731 scd

132 769 235 860 signis
252 767 330 854 lx,
356 766 560 858 exemplaria
573 766 818 848 describerent,
843 765 1019 853 inquibus
1035 762 1252 855 prius'detri-

130 881 206 941 tum
222 878 310 938 esset
327 869 476 960 signum:
503 892 591 959 quae
605 892 658 937 res
673 876 758 958 quot
769 869 940 959 pepererit
953 869 990 935 in
1008 866 1156 959 Scrippt
1172 864 1251 937 vett

132 995 349 1043 numerorum
369 995 520 1058 errores,
546 981 663 1039 uotum
686 980 744 1040 esu
800 970 888 1040 Cum
902 968 1092 1038 Catulioet
1116 966 1253 1056 Quintiss

129 1077 229 1145 liano
235 1077 316 1143 facit
330 1023 562 1166 Philargyrius
577 1075 623 1143 ad
639 1074 768 1167 Virgilii
783 1074 807 1146 l
822 1097 852 1142 c.
892 1072 1035 1158 „Ciaaa
1058 1068 1254 1163 Smyr-uum

131 1176 290 1270 scripsit,
323 1200 432 1270 quam
450 1199 580 1246 aeuum
598 1185 684 1272 post
704 1198 855 1277 aruum,
888 1183 927 1243 ut
944 1175 1107 1247 Catullus
1130 1172 1251 1249 Curari

131 1282 257 1351 xciii.
281 1282 332 1370 (s.
345 1277 406 1348 95.
415 1282 432 1372 )
456 1283 528 1369 ait,
555 1281 678 1349 edidit.
711 1280 761 1348 id
775 1260 870 1373 duod
886 1287 920 1347 et
937 1277 1177 1374 Quintiliorum
1188 1278 1250 1351 aits

138 1385 243 1453 Uade
256 1386 364 1452 etiam
376 1384 599 1453 Horatium
586 1408 623 1453 ia
642 1384 688 1454 A.
703 1380 745 1452 Ρ.
765 1381 852 1451 388.
877 1381 999 1451 dicarat
1014 1382 1074 1450 ad.
1087 1404 1168 1451 eum
1192 1384 1251 1452 'al-

132 1487 271 1574 lusisse,
298 1508 376 1554 cum
392 1488 461 1555 ait:
475 1485 686 1579 Nariumque
695 1494 885 1579 proruutur
898 1486 1118 1555 ioannem
1144 1485 1252 1571 Quod

132 1591 177 1657 de
190 1591 332 1658 Horatio
350 1590 443 1657 addit
463 1590 713 1682 Philargyrius,
739 1613 841 1680 quern
863 1590 898 1657 in
914 1589 1071 1681 Epistola
1090 1589 1134 1658 ad
1148 1590 1250 1658 Piso-

130 1716 191 1761 nes
215 1693 258 1760 ad
280 1692 485 1761 indefessum
518 1693 645 1763 Cinnae
677 1692 823 1762 studium
851 1684 1033 1782 limamque
1060 1693 1250 1783 respexisse

131 1796 230 1884 dicit,
249 1796 286 1864 id
301 1819 514 1885 nequaquam
528 1798 629 1864 etiam
642 1795 907 1866 Scholiastarum
920 1796 990 1889 lide
1003 1819 1045 1863 ac
1060 1795 1249 1864 testimonio

132 1909 224 1967 extra
241 1921 376 1967 omnem
389 1898 631 1968 dubitationem
643 1901 789 1992 ponitur.
839 1898 974 1967 Etenim
986 1898 1102 1967 Aaron
1116 1922 1153 1991 p.
1163 1894 1249 1967 tot.

130 2001 324 2093 Bashaee:
345 2000 459 2070 Ciuaa
471 2002 600 2071 tibrum
612 2003 772 2095 scripsit,
798 2003 858 2092 qui
871 2000 1250 2093 inscribiturSmffluru,

130 2126 234 2196 prem
252 2127 322 2201 noa
341 2105 456 2173 edidit
478 2106 546 2174 uisi
564 2128 654 2175 nono
678 2127 789 2189 anuo,
816 2105 904 2173 dum
923 2105 1069 2198 saepius
1088 2106 1250 2199 corrigit.

130 2207 328 2277 Praaatur
345 2216 479 2293 autea,
506 2216 732 2293 coerceatur,
765 2215 938 2276 teneatur.
995 2207 1168 2277 camna
1186 2228 1251 2279 ue·

131 2332 200 2404 que
212 2312 264 2379 ud
284 2333 413 2378 nouum
435 2333 567 2379 anuum
590 2321 625 2380 et
645 2313 878 2403 corrigantur
896 2310 1095 2380 studiosius.
1158 2311 1250 2380 Por·

128 2413 277 2507 pityrion
295 2414 451 2485 ibidemz.
465 2413 643 2507 Exempto
661 2413 797 2484 Oiauae
805 2415 940 2507 poterit
952 2415 1023 2500 uti,
1048 2420 1088 2481 at
1104 2433 1251 2483 carmen

127 2539 250 2605 suum,
275 2518 308 2584 si
328 2517 463 2585 mutum
485 2524 552 2605 est,
578 2540 703 2587 novem
717 2519 819 2586 anuis
835 2517 1050 2594 dissimulet,·
1075 2525 1110 2584 et
1130 2515 1249 2588 Seirai.-

127 2620 235 2711 Cruq.
251 2644 287 2711 p.
304 2617 390 2688 635.
402 2620 447 2687 ad
461 2643 492 2688 v.
505 2630 714 2712 prematur:
746 2619 1006 2707 abscondatur,
1017 2626 1249 2708 ,coerceatum

129 2722 350 2811 emendetur,
375 2724 556 2815 poliatur:
594 2732 633 2793 ut
658 2725 772 2794 Cinna
799 2746 904 2792 asum
929 2721 1122 2813 Sayraam
1145 2722 1250 2816 apud

133 2826 331 2909 Catullum,
357 2848 465 2916 φιαηι
483 2849 608 2896 novem
622 2829 724 2895 anuis
737 2827 942 2919 suppressit.
993 2826 1040 2894 Hi
1057 2828 1159 2918 igitur
1179 2849 1248 2896 non

127 2930 189 2997 nisi
203 2929 268 2996 ioci
282 2928 466 2996 illustrandi
483 2951 599 2998 caussa
613 2931 741 3000 Cinnae
756 2931 948 3022 exemplum
964 2930 1112 2998 attulisse
1125 2930 1248 2999 riden-

127 3040 191 3103 tur.
222 3030 327 3115 Quod
341 3040 453 3099 tamen
469 3026 661 3124 exemplum
673 3034 852 3102 Turnebus
868 3028 1012 3102 Adsere.
1029 3033 1174 3107 xviia.
1186 3030 1247 3105 lt.

127 3134 271 3203 Horatio
289 3132 373 3201 illud
395 3138 615 3227 praeceptum
640 3137 876 3229 suppeditasse
898 3145 934 3203 et
954 3134 1098 3204 dictasse
1120 3143 1246 3205 censet

60 3244 63 3249 '
126 3237 200 3306 Etsi
213 3237 405 3325 neutiquam
419 3261 438 3305 a
452 3242 534 3307 vero
549 3240 726 3327 abhorret,
752 3238 885 3308 Horatii
897 3238 1025 3326 admo,
1048 3262 1129 3307 eum
1146 3240 1248 3308 Piso·¹

127 3341 177 3409 nis
190 3340 259 3408 tilio
282 3339 396 3407 limam
414 3344 598 3411 carminum
621 3366 806 3433 eorumque
829 3341 1043 3411 edendorum
1059 3342 1247 3410 cunctatio-.-

127 3466 206 3512 nem
229 3444 505 3531 commendabat,
532 3446 732 3539 exemplum
755 3444 998 3569 diligentissimi
1016 3444 1145 3513 Cinnae
1179 3444 1247 3513 ob-

127 3554 296 3614 versatum
310 3546 431 3615 fuisse·
457 3556 570 3616 minen
583 3550 708 3637 fateor,
733 3570 790 3617 me
802 3550 837 3616 in
852 3548 1052 3617 contrariam
1065 3547 1201 3639 potius
1190 3536 1248 3647 ιιι-ἰ

127 3650 251 3717 eliaam
266 3651 474 3718 sententiam.
500 3651 538 3720 Si
553 3653 642 3721 enim
657 3601 820 3725 Cibnam
811 3674 846 3721 m
861 3660 975 3721 mente
985 3650 1121 3735 babuit,
1151 3648 1247 3743 ejusa

126 3774 194 3842 que
215 3752 422 3844 diligentiam
449 3755 623 3845 probavit,
660 3778 822 3824 curcum
845 3776 914 3823 non
939 3753 1064 3821 diserte
1084 3755 1245 3844 nominat,

125 3856 175 3924 uti
187 3855 311 3924 eodem
325 3856 402 3925 loco
423 3854 485 3950 Sp.
505 3856 680 3929 Maecium
700 3858 871 4003 Tarpam,
894 3864 933 3929 ut
953 3857 1119 3955 optimum
1140 3855 1244 3931 criti·

192 4128 1243 4239 lt)unncmtsin1m·tcmat.nnmtitti’..veeestt,uh

123 4229 299 4354 ζάέωὒικὲίιι
300 4176 775 4355 rmissedccibmquaprmtar
790 4197 1244 4349 cutmiectionirtideeriipm
