2768 4838
147 257 152 267 ’
267 262 317 347 on
340 263 375 335 q.
399 264 552 349 noanru
573 265 702 319 nascar
725 268 1074 347 ormmnroamns.
1174 254 1255 327 2115

131 413 250 484 Fannii
264 413 481 486 admiratores
496 415 647 487 dicantm
661 417 734 510 ejus
751 442 870 515 capsas
885 429 922 520 et
943 424 1125 518 imaginem
1146 425 1246 497 detu-

131 519 218 587 lisse.
270 520 392 609 Neque
407 517 592 612 quidquam
608 520 821 613 proficimus,
845 526 874 595 si
896 526 942 594 ob
966 550 1051 597 vers.
1072 526 1150 617 23„
1177 552 1247 619 quo

130 622 293 690 Horatius
313 623 486 711 timorem,
517 624 642 717 scripta
668 647 729 693 sua
761 628 867 719 vulgo
892 630 1069 719 recitandi,
1103 633 1245 721 simulat,

131 723 176 792 de
196 724 369 793 auditoriis
390 728 575 818 cogitamus
598 735 656 795 aut
683 728 842 816 aedibus,
879 730 913 800 in
946 756 1029 823 quas
1052 734 1096 802 ab
1118 736 1245 807 stolidis

130 827 198 896 istis
216 827 407 897 hominibus
428 829 547 898 Fannii
566 831 713 898 carmina
742 833 866 900 luerint
894 834 1005 904 delata
1026 845 1060 905 et
1088 838 1246 908 recitata:

129 953 210 998 nam
225 930 272 998 ibi
288 953 424 1021 quoque
437 933 546 1001 nullus
562 943 634 1002 erat
647 935 818 1027 scriptoris
836 936 974 1029 imagini
985 940 1095 1012 locus.
1145 941 1245 1011 Hanc

130 1033 362 1102 difficultatem
385 1035 467 1103 nihil
484 1035 584 1104 video
606 1052 677 1128 quo
696 1037 904 1108 commodius
926 1043 1118 1132 rectiusque
1138 1067 1245 1136 erpe-

59 1160 65 1167 ·
130 1135 276 1223 mamm,
302 1138 364 1205 nisi
386 1140 580 1226 statuimus,
612 1134 746 1208 murem
770 1142 869 1210 istum
888 1143 1109 1215 bibliothecas
1132 1147 1245 1215 claro-

34 1299 37 1305 .
128 1262 204 1307 rum
225 1234 427 1331 scriptorum
451 1241 651 1334 imaginibus
683 1245 864 1312 exornandi
881 1244 957 1337 jam
980 1255 1058 1314 ante
1081 1249 1243 1319 Pollionis

130 1349 273 1410 aehtem
288 1353 322 1410 et
336 1342 528 1435 exemplum
540 1345 673 1414 Romae
686 1346 722 1413 in
735 1339 797 1414 usu
811 1348 923 1416 luisse.
961 1349 1098 1438 Nullus,
1123 1351 1244 1439 fateor,

128 1445 210 1514 mihi
223 1446 385 1537 succurrit
402 1448 572 1539 scriptoris
593 1448 733 1540 alicujus
746 1451 859 1535 locus,
885 1452 955 1543 quo
974 1451 1245 1522 hancstabiliam

128 1549 363 1640 suspicionem.
427 1549 481 1617 Ea
502 1559 614 1620 tamen
639 1550 781 1641 nemini,
814 1575 931 1622 secum
959 1556 1129 1647 reputanti
1155 1555 1246 1651 insa-

127 1673 209 1718 num
236 1651 372 1721 aedium
401 1653 620 1744 villarumque
647 1655 915 1724 exomandarum
944 1657 1038 1748 apud
1068 1659 1244 1729 Romanos

128 1753 275 1822 studium
290 1765 323 1824 et
337 1757 517 1843 luxuriem,
543 1779 611 1846 qua
629 1758 704 1849 ipse
723 1754 845 1827 Cicero
866 1760 1048 1848 flagrabat,
1075 1762 1243 1830 videbitur

128 1857 171 1924 ab
198 1859 288 1924 omni
308 1858 543 1949 probabilitate
562 1859 756 1931 abhorrere.
815 1860 877 1928 llle
893 1861 1006 1930 honor
1022 1863 1117 1931 haud
1141 1863 1244 1932 dubie
1357 1899 1362 1907 ·

126 1961 266 2028 mortuis
282 1968 411 2028 tantum
431 1961 512 2028 clari
525 1959 649 2052 ingenii
663 1962 854 2032 hominibus
868 1958 1016 2032 tributus
1039 1958 1106 2048 est3¹
1131 1966 1245 2035 Pollio

127 2072 257 2148 autem,
291 2063 349 2151 qui
370 2063 454 2129 sicut
476 2063 603 2167 primus
625 2065 799 2157 publicam
822 2065 1063 2136 bibliothecam
1086 2068 1245 2158 dicando,¹

125 2165 262 2257 ingenia
280 2162 473 2256 hominum,
498 2168 764 2259 rempublicam
787 2168 885 2260 fecit,
911 2170 957 2236 ita
987 2172 1088 2240 etiam
1114 2173 1243 2263 primus

127 2267 285 2336 eumdem
303 2269 397 2336 illum
409 2269 576 2337 honorem
596 2261 672 2338 viris
694 2272 843 2362 magnis,
870 2272 1054 2341 viventibus
1070 2273 1183 2341 adhuc
1208 2283 1244 2343 et

125 2371 339 2457 florentibus,
360 2371 536 2463 'impertire
550 2373 678 2465 coepit:
703 2373 738 2441 id
759 2373 854 2462 quod
872 2374 1039 2442 novitium
1055 2375 1242 2464 inventum,

125 2495 195 2542 non
215 2475 344 2542 silentio
362 2476 663 2567 praetereundum,
689 2476 839 2567 appellat
861 2476 987 2545 Plinius
1011 2477 1055 2548 N.
1082 2478 1128 2545 H.
1147 2478 1243 2548 Libr.

125 2577 265 2646 XXXV.
291 2600 320 2645 c.
343 2576 379 2646 2.
406 2578 481 2671 1⁹).
531 2578 624 2648 Nihil
643 2588 754 2647 autem
774 2580 900 2665 obstat,
934 2580 1128 2668 quominus
1150 2581 1243 2650 idem⁴

119 2679 195 2772 jann
217 2689 334 2766 antea,
357 2680 496 2751 honoris
516 2682 706 2771 amorisque
728 2676 825 2750 alicui
848 2683 1049 2750 testificandi
1070 2685 1195 2776 gratia,
1222 2707 1244 2753 a

126 2783 263 2875 singulis
286 2783 441 2875 privatim
462 2786 589 2852 lactum
609 2778 683 2852 esse
701 2793 868 2877 putemus.
920 2784 1001 2853 dam
1027 2786 1054 2853 si
1073 2789 1242 2877 ponimus,

124 2885 242 2954 Fannii
258 2886 405 2975 carmina
417 2907 486 2954 non
498 2886 622 2972 modo,
648 2886 709 2954 sed
723 2888 822 2954 etiarn
834 2887 1018 2978 imaginem
1031 2890 1075 2955 ab
1090 2889 1162 2980 ejus
1179 2888 1242 2956 ad-

124 2989 336 3057 miratoribus
349 2990 385 3057 in
399 2984 618 3058 bibliothecas
633 2987 744 3056 delata
760 3012 834 3059 esse
848 2990 963 3080 ibique
978 2992 1146 3083 reposita3
1172 3012 1242 3058 non
1340 2993 1343 2998 ’

123 3093 246 3160 mirum
262 3093 333 3179 erit,
349 3115 408 3161 cur
421 3090 591 3180 Horatius,
614 3114 691 3161 cunr
703 3117 739 3162 se
748 3116 875 3182 suaque
888 3094 1036 3187 carmina
1044 3093 1143 3162 sciret
1158 3114 1243 3161 con-

124 3196 227 3264 temni
247 3220 287 3263 ac
309 3197 453 3289 negligi,
485 3197 520 3264 iu
538 3196 713 3264 stomacho
737 3195 893 3264 deridens
914 3194 1078 3263 Fannium
1101 3194 1244 3265 dentum

125 3297 225 3369 dicat.
276 3300 367 3386 Nec,
393 3302 422 3369 si
434 3300 520 3368 fides
543 3306 594 3368 est
613 3299 826 3385 Scholiastis‚
851 3296 1016 3366 Fannium
1038 3299 1109 3367 sine
1127 3298 1241 3367 liberis

124 3401 245 3487 fuisse,
272 3401 316 3468 ab
336 3402 560 3496 heredipetis,¹
593 3424 738 3492 quornm
759 3402 910 3469 famosae
930 3410 1018 3469 artes
1042 3403 1119 3469 satis
1141 3410 1242 3469 notae

125 3514 200 3573 sunt
216 3503 296 3594 ²⁰),
322 3505 431 3599 aliena
444 3505 611 3574 'censenda
626 3514 678 3573 est
694 3504 898 3594 tam'stolida
911 3504 1094 3574 carminum
1106 3490 1243 3596 inepto-¹
1372 3574 1375 3589 ,

123 3630 198 3675 rum
212 3606 386 3676 admiratio
408 3617 523 3678 ettam
538 3608 671 3703 abjecta
689 3607 837 3676 adulatio
857 3616 980 3699 poetae
997 3607 1077 3675 mali
1102 3615 1136 3675 et
1151 3606 1244 3675 vilis-

124 3710 198 3780 simi
219 3710 371 3786 homiuis.
393 3797 398 3807 ι
429 3713 520 3782 Eum
542 3712 701 3783 Horatius
722 3711 807 3786 mihi
830 3710 963 3780 videtur
988 3709 1098 3779 Satira
1124 3716 1245 3801 quarta

192 3977 228 4033 111
259 3981 299 4033 llo
313 3978 451 4033 latomere
464 3973 576 4048 egeram
591 3978 696 4047 Lipsius
710 3977 743 4031 dc
756 3976 886 4035 llibliotlr.
896 3974 1039 4047 Syutagm.
1053 3993 1077 4034 c.
1089 3973 1115 4028 o.
1133 3972 1163 4027 iu
1175 3972 1243 4041 Opp-

122 4046 179 4101 Vnt
192 4048 239 4101 11.
262 4067 286 4118 p.
302 4047 380 4101 1137.
402 4053 429 4102 et
444 4047 587 4103 brittonius
607 4050 634 4103 d.
653 4047 783 4105 Biblioth.
804 4046 892 4115 Apoll.
908 4046 995 4101 Putat
1015 4061 1039 4096 c.
1056 4044 1130 4098 xlx.
1150 4060 1177 4112 p.
1189 4039 1247 4115 318

122 4134 195 4186 sqqr
212 4117 246 4172 cl.
257 4118 364 4171 Paasow
382 4118 416 4171 ud
428 4115 513 4173 Persii
528 4112 637 4188 Prolog.
651 4133 678 4170 v.
689 4114 716 4171 b.
728 4135 756 4185 p.
767 4116 821 4169 216
833 4133 874 4183 sq.
1148 4178 1156 4195 ·
1190 4177 1199 4192 ·
1321 4173 1324 4177 ,

192 4186 240 4255 211)
266 4188 305 4239 lle
321 4186 364 4239 his
378 4188 554 4241 hereditatum
571 4185 752 4257 captatoribus
772 4191 799 4239 ot
817 4201 910 4237 eorum
928 4181 1030 4237 eninm
1048 4182 1171 4252 exposuri
1189 4193 1246 4247 apso

123 4255 251 4316 Horatius
259 4256 334 4313 uiuri
346 4257 379 4314 11.
391 4257 481 4317 Satira
491 4256 528 4327 5.
544 4257 592 4314 ubi
602 4256 701 4313 uiduis
710 4254 855 4313 liciniani.
873 4272 902 4325 p.
916 4251 981 4321 853.
1125 4261 1129 4268 '
