2768 4838
371 249 427 303 aa
451 250 484 303 u.
508 248 833 306 usuardum-un
856 248 1022 307 nouum
1146 294 1150 310 ,
1183 228 1261 309 lot

49 468 53 473 .
135 396 295 488 „Assem
313 408 433 493 poeta
459 400 710 474 erar-Aureus
731 404 779 475 de
798 406 868 497 prro
888 401 973 475 Mel·
987 403 1025 474 in
1048 399 1258 498 Ptiupptco

139 503 319 574 Ciceronis
327 505 418 573 dixit
434 528 538 598 qoem
551 505 619 575 siti
632 529 767 601 ugrssm
782 507 983 577 donasserat
993 506 1162 576 Antorriaa
1173 508 1256 603 ¹il'3

135 615 248 676 tamen
265 605 359 675 haud
372 631 492 697 vereor
505 609 727 699 contendere,
752 611 807 679 rel
828 612 901 678 solo
916 608 1029 681 ovidii
1043 611 1121 679 loco
1136 609 1260 699 fretus*

125 733 215 801 eum
236 733 305 778 non
324 710 426 800 plane
447 712 675 803 spernendum
695 715 800 783 fuisse
820 723 975 805 poetam,
1001 713 1062 783 sed
1086 714 1260 784 communi.

135 813 476 904 rerumpublicarum
489 816 726 904 conversione,
751 839 856 907 quae,
875 817 1009 885 devicto
1020 814 1165 908 posthac
1179 816 1274 885 Ara-'³-

135 918 251 1001 touio,
279 916 371 986 facta
401 926 469 1003 est,
502 926 576 986 tum
602 920 729 1010 ipsum,
762 918 876 1013 quoad
904 920 1047 1005 viveret,
1080 918 1255 1007 afflictum

130 1027 211 1087 tum
224 1018 296 1111 ejus
308 1021 505 1088 memoriam
519 1022 716 1090 eximiorum
729 1021 957 1114 ingeniorum,
975 1044 1081 1111 quae,
1097 1020 1262 1113 Augusto·

135 1144 250 1191 rerum
265 1122 393 1213 potito,
417 1123 515 1217 largo
528 1136 694 1216 proventu
707 1126 933 1214 emicuerunt,
945 1125 1069 1193 lumine
1083 1146 1124 1192 ao
1137 1125 1254 1218 splen·

181 1384 252 1456 ’12)
284 1386 423 1441 uacuum
443 1392 482 1442 est
499 1386 568 1442 lrase
587 1388 691 1460 glossar
707 1387 757 1443 suls
773 1387 867 1443 roasi.
888 1387 944 1462 Mel
961 1388 1044 1443 latere
1061 1385 1209 1457 msplsatur
1219 1360 1259 1447 (i.³

132 1457 261 1512 Burthias
272 1457 404 1509 Malissom
417 1459 645 1527 Grammaticum,
661 1461 803 1528 laudatque
821 1457 956 1530 scaligeri
973 1460 1057 1513 Loctt.
1069 1460 1166 1510 Auson.
1185 1458 1216 1513 Is.
1229 1458 1250 1511 Ι.

133 1527 211 1580 614.
226 1527 272 1594 (v.
286 1526 396 1578 Ausonii
409 1527 475 1594 Opp.
489 1530 530 1582 ed.
546 1529 652 1583 Tollius
667 1547 692 1597 p.
707 1529 800 1599 1830:
817 1530 886 1581 uude
906 1535 996 1596 patet,
1013 1543 1074 1580 oum
1093 1526 1253 1580 intellexisse

133 1596 228 1661 cajum
247 1593 384 1647 Meliseum
400 1597 580 1664 Spoletinum,
611 1599 774 1652 Maecenatis
792 1596 970 1663 lam'diarem,
994 1595 1203 1649 Grammaticnm
1222 1600 1252 1652 es

136 1667 312 1734 Togatamm,
330 1681 396 1730 quas
411 1667 560 1720 disiectas
568 1667 713 1735 inscripsit,
730 1672 757 1720 ot
769 1668 930 1735 irreptionem
939 1683 960 1718 s.
974 1669 1093 1719 locorum
1107 1670 1251 1730 accurram,

132 1735 178 1801 qui
193 1734 423 1819 etium..duposto
439 1737 592 1806 delegante,
608 1737 782 1805 bibliothecas
800 1736 828 1789 iu
849 1735 976 1789 Octaviae
990 1733 1251 1802 portionordiuavit,

132 1805 182 1856 rai.
195 1803 302 1855 Sueten.
315 1801 341 1855 d.
356 1804 451 1858 illustr.
466 1805 513 1857 Gr.
526 1823 548 1857 c.
560 1806 605 1859 21.
624 1804 691 1870 ajo·
710 1805 791 1857 etiam
805 1804 925 1858 meminit
941 1804 1052 1858 ocutus
1069 1820 1103 1856 er
1114 1804 1189 1856 Pout.
1204 1803 1250 1856 lV.

132 1890 174 1941 ep.
186 1870 232 1925 16.
243 1872 288 1925 Ml.
307 1872 342 1924 Et
354 1881 401 1925 tau
420 1891 478 1925 essm
492 1892 563 1926 socco
583 1876 678 1940 Moru,
697 1875 818 1940 Melisoe,
836 1875 914 1926 leuisr
941 1873 987 1926 ubi
1001 1872 1055 1928 vid.
1072 1873 1105 1925 N.
1125 1871 1250 1926 Heinsius

132 1941 167 1996 T.
184 1944 229 1995 lll.
244 1957 270 2008 p.
284 1939 353 2007 81111,
366 1941 410 1994 cui
424 1943 535 2008 dicanti,
553 1945 659 2010 plenum
676 1944 837 2009 ejusnomen
851 1943 946 1995 luisses
973 1943 1052 2010 Cujus
1072 1942 1172 1994 cilniae
1192 1941 1251 1994 Me·

133 2012 220 2074 Musas,
237 2026 321 2078 aeque
333 2011 419 2064 miuus
429 2011 552 2065 assentiri
563 2029 686 2080 possum,
704 2029 736 2065 ac
747 2012 902 2076 Meibomio‚
919 2009 964 2078 qui
976 2028 1007 2080 p.
1019 2009 1045 2063 4.
1059 2016 1087 2063 et
1098 2009 1158 2064 116.
1171 2009 1250 2063 ills·
1290 2032 1295 2051 ·

131 2094 162 2133 se
177 2081 268 2147 cujum
288 2080 467 2133 Maecenatem
488 2082 621 2134 Melissusn
638 2082 786 2135 nominasse
803 2079 949 2144 contendit,
972 2096 1034 2132 usus
1048 2086 1172 2146 comupto
1189 2080 1250 2132 loss

52 2186 54 2191 -
109 2190 111 2199 .
131 2149 212 2203 Plinii
226 2150 341 2204 XXl‘lll.
355 2150 397 2207 17.
416 2150 451 2202 Τ.
470 2151 538 2203 Vlll.
559 2169 584 2218 p.
604 2150 663 2207 184.
677 2153 733 2216 Fa,
745 2152 779 2204 do
791 2149 919 2217 qnoalihi
932 2149 1066 2201 disserunt.
1084 2147 1261 2201 011161ιί11-

130 2219 159 2272 iu
174 2219 313 2289 syntagm.
329 2218 414 2288 Trag.
428 2220 486 2273 Lat.
500 2221 610 2289 Proleg.
628 2220 686 2273 Vol.
700 2222 721 2273 1.
737 2236 763 2287 p.
777 2220 820 2272 28.
865 2218 935 2272 Saue
953 2219 987 2269 de
1004 2218 1061 2283 ejus
1081 2216 1250 2284 praenomine

130 2305 183 2342 non
195 2288 331 2340 convenite
348 2288 460 2341 Eusebio
477 2286 572 2342 dicitur
587 2290 615 2342 in
628 2290 726 2341 Chron.
744 2289 893 2352 nauum,
910 2303 962 2353 quo
980 2291 1106 2345 mortuus,
1116 2302 1173 2338 esse
1188 2285 1249 2338 ier-

131 2364 188 2423 tur,
205 2359 329 2421 Marcss3
344 2359 442 2411 Arroni
455 2358 488 2410 ad
504 2361 598 2412 Horat.
611 2357 797 2425 161861..
811 2357 872 2410 266.
892 2355 948 2422 (od.
961 2355 1025 2409 Bas.
1038 2350 1131 2422 lutto)
1146 2355 1248 2407 Creusa

130 2427 216 2480 neutri
228 2435 315 2479 tomen
333 2432 404 2480 tanta
419 2428 484 2480 tides
498 2435 538 2481 est
554 2427 691 2492 habenda,
708 2433 805 2495 quanta
818 2425 956 2489 Suetonio,
973 2440 1051 2491 quoru
1072 2422 1189 2490 sequitur
1210 2423 1245 2476 0.

131 2497 168 2552 lo.
181 2496 288 2549 Vossius
309 2496 334 2548 d.
348 2498 421 2550 Poet.
439 2498 497 2552 irat.
522 2514 545 2549 c.
560 2496 587 2551 2,
603 2513 630 2565 p.
644 2497 705 2550 211.
729 2495 828 2549 Liberti
841 2510 946 2564 quoque
958 2498 1005 2547 aut
1021 2509 1177 2563 praenomen
1198 2494 1246 2565 ant

130 2583 224 2631 noman
233 2565 352 2618 familiae
365 2566 468 2636 patroni
485 2573 689 2635 assumpserunt,
705 2580 930 2632 numquamvero,
947 2561 1122 2631 quodetiam,
1141 2565 1247 2614 utrum-

131 2650 189 2703 que.
223 2634 339 2689 Gravius
357 2635 438 2688 etiam
455 2643 527 2689 errat
539 2636 669 2689 Graevius
687 2636 721 2688 ad
742 2635 849 2688 Sueton.
870 2635 896 2686 d.
910 2632 950 2686 ill.
964 2633 1011 2685 Gr.
1028 2649 1052 2684 c.
1063 2631 1107 2696 d.‚
1130 2629 1177 2681 ubi
1196 2644 1246 2698 pro

130 2705 269 2757 orneacus
280 2706 397 2757 Melissos
412 2706 537 2759 audacter
547 2702 658 2774 corrigit
672 2705 771 2757 Cilnisss
782 2705 899 2756 Melissos
905 2721 916 2767 ς
932 2703 977 2754 sed
990 2701 1036 2754 ilio
1049 2701 1186 2753 monuero
1205 2702 1245 2753 ers

130 2774 249 2840 Pompeii
261 2775 299 2827 Μ.
312 2775 435 2838 libertus,
453 2776 551 2842 dequo
567 2773 710 2829 Suetonius
724 2791 748 2826 c.
761 2771 804 2826 16.
824 2772 930 2838 copiose
944 2771 1001 2839 agit
1018 2775 1059 2833 at,
1082 2768 1146 2836 quia
1168 2783 1244 2843 acer-

129 2843 266 2896 bissimam
277 2843 395 2896 Satiram
410 2843 437 2894 in
449 2843 614 2903 Sallustium¹
625 2842 743 2910 scripsit,
767 2841 850 2893 etiarn
862 2841 1031 2893 &antonus
1048 2840 1080 2891 de
1093 2839 1153 2891 sar.
1163 2838 1243 2893 Rom.

129 2913 207 2965 Poaa.¹
217 2930 245 2980 p.
259 2913 320 2965 226.
335 2912 432 2965 Ramb.
450 2912 563 2980 Scripsit
577 2912 658 2964 etiam
670 2911 702 2963 de
720 2908 867 2973 Mediolon,
884 2914 950 2962 teste
960 2908 1048 2962 Plinio
1066 2908 1099 2961 N.
1112 2908 1148 2961 fl.
1162 2907 1243 2959 XXV.

130 2981 172 3047 6.,
189 2981 235 3034 ubi
255 2984 393 3035 benencas
413 2981 548 3050 Pompeius
567 2981 725 3034 nominatur.
770 2981 800 3035 la
819 2980 889 3031 huuc
907 2978 1057 3031 bonosum
1085 2976 1245 3043 Pompajum

129 3050 232 3103 rusticis
245 3052 432 3120 propemodum
446 3052 532 3104 verbis
544 3050 679 3103 invehitur
692 3049 846 3102 wielandus
859 3049 893 3101 ad
907 3048 1000 3099 Horat.
1015 3046 1071 3099 sar.
1085 3046 1106 3097 1.
1120 3044 1146 3099 3.
1161 3063 1186 3096 v.
1201 3043 1244 3097 48,

128 3120 161 3175 N.
176 3119 201 3174 9.
219 3137 244 3187 p.
260 3121 319 3184 76,
336 3139 414 3188 quem
433 3123 531 3174 refutet
544 3122 640 3173 bochel
659 3119 687 3173 iu
701 3118 786 3172 libror
813 3120 868 3171 Zur
886 3115 1077 3184 Bourtieilnng
1095 3115 1141 3167 des
1159 3114 1246 3179 Sullo-

129 3191 194 3243 stiur
218 3208 243 3256 p·
261 3191 295 3243 16
310 3209 366 3258 sqq.
410 3191 525 3259 Uterque
536 3192 619 3258 probe
636 3196 677 3241 ast
693 3187 899 3272 distiupuendue.
939 3184 1099 3238 Maecenatis
1120 3183 1245 3234 libertum

129 3267 199 3313 rcere
213 3258 338 3330 intelligit
352 3261 471 3328 Heynius
491 3261 524 3312 ad
538 3258 634 3312 Donati
647 3258 698 3310 Vir.
713 3258 806 3326 Virgrl.
820 3257 863 3307 vl.
883 3259 908 3320 S.
921 3254 967 3319 2.,
989 3253 1036 3306 ubi
1048 3251 1169 3306 Melissus
1184 3251 1245 3317 qui-

129 3330 190 3381 dam
206 3329 343 3387 tradidisse
358 3329 470 3393 dicitur,
492 3329 636 3397 Virgilium
655 3343 775 3379 sermone
790 3324 969 3378 tardissimum
986 3336 1022 3375 'ac
1041 3338 1122 3390 paena
1139 3320 1246 3372 indocto
1318 3348 1322 3355 =

129 3397 243 3452 similem
260 3398 353 3469 luisse:
371 3401 423 3451 hoc
443 3401 542 3451 iactum
561 3415 616 3450 esse
633 3397 660 3448 in
678 3395 753 3448 libris
773 3394 949 3462 ineptiarum,
979 3390 1083 3458 scriptis
1104 3406 1121 3442 a
1136 3388 1245 3441 Melissa

128 3467 308 3589 {fritilli
318 3463 903 3606 titillat.illlffldittsstlit.
918 3460 1246 3600 dimittito}

128 3623 190 3659 uam
203 3607 340 3671 Melissus,
365 3557 425 3675 quii,
448 3606 543 3660 Servio
553 3573 665 3659 oste’ad
678 3605 742 3657 Asu.
756 3604 812 3656 vll.
829 3618 857 3654 v.
871 3600 926 3668 66,
939 3601 972 3651 de
990 3598 1031 3664 Ap
1111 3594 1246 3663 scripsisse

129 3674 238 3737 dicitur,
262 3682 300 3730 est
318 3677 427 3730 tortasse
440 3675 481 3742 is,
505 3675 580 3742 cujus
599 3674 697 3728 libram
716 3673 750 3725 da
767 3671 932 3726 Animalibus
954 3668 1045 3725 {sudu
1064 3667 1186 3721 Albartus
1204 3664 1245 3717 M.

127 3745 188 3799 laih.
201 3746 245 3801 l'l.
262 3747 287 3797 d.
301 3745 413 3799 Animal.
433 3746 524 3798 Tract.
545 3763 569 3798 c.
584 3744 611 3798 6.
625 3761 651 3811 p.
665 3741 726 3796 1116.
761 3742 926 3794 Memoratur
944 3737 1024 3790 otiam
1049 3735 1170 3788 Melissos
1184 3733 1249 3802 qui:

128 3814 190 3867 dam
210 3815 353 3883 aDiogeu.
374 3816 462 3868 baert.
478 3815 538 3868 Lib.
557 3816 602 3867 lX.
624 3829 650 3879 p.
669 3811 734 3866 216.
754 3817 786 3864 et
798 3812 919 3865 Melissos
939 3807 1069 3861 Euboicus
1085 3819 1104 3858 a
1121 3805 1246 3871 Pulgsut.

127 3883 158 3937 lo
168 3883 201 3936 11.
214 3885 302 3954 Mytin
316 3903 342 3952 p.
355 3884 430 3939 amr
448 3890 558 3951 uterque
571 3885 605 3937 ab
617 3881 670 3935 illis
682 3881 817 3940 diversus,
836 3879 877 3932 uti
889 3876 970 3931 etiarn
983 3875 1018 3928 alr
1032 3875 1112 3928 Helio
1131 3873 1247 3945 Malim,

128 3952 210 4006 Gellii
230 3953 350 4020 aequali,
367 3955 436 4022 quod
455 3959 526 4020 patet
549 3970 580 4005 ex
598 3950 630 4005 N.
645 3951 725 4004 astte.
745 3948 840 4002 xvlu.
862 3965 885 4000 c.
904 3947 948 4011 o..
976 3944 1083 4012 dequo
1103 3940 1246 4011 disputavit

127 4022 199 4076 Pete.
210 4024 287 4076 Paul.
301 4024 386 4077 iustus
404 4023 431 4077 in·
443 4024 581 4077 observat.
594 4019 685 4074 (lritic.
698 4018 813 4087 Speoim.
826 4014 942 4070 moroso
955 4011 1033 4069 1265.
1045 4011 1073 4066 d.
1086 4012 1143 4066 liis
1155 4009 1247 4064 Mella-

127 4093 262 4229 66
276 4092 362 4216 oo
401 4081 1245 4227 6666666666

127 4231 182 4300 pest
194 4232 378 4287 Mummium
389 4233 446 4288 ort
457 4229 557 4287 Donati
567 4247 594 4301 p.
606 4228 710 4285 4265
915 4254 926 4269 .
1221 4242 1226 4249 ‘
