2768 4838
338 288 387 344 ua
410 280 568 344 naama
582 286 776 344 marris
798 226 1096 343 massona
1176 262 1256 341 451

127 449 204 520 illos
233 446 304 518 abrs
333 447 435 518 satius
457 445 574 523 visam¹
598 456 650 518 est
677 444 895 519 'l'orreutiam
922 445 1037 538 sequi,
1071 444 1130 540 qui
1157 444 1257 521 istam

127 553 339 623 Maecenatis
354 553 539 622 irrisionem
563 554 598 621 et
618 539 783 647 audacem
803 550 1098 645 periculosamque
1117 559 1152 620 et
1171 554 1256 623 alie-

128 679 210 728 nam
231 657 276 724 ab
288 657 437 725 humano
452 661 577 749 poetae
596 654 709 724 animo
731 667 805 724 esse
820 654 1007 727 arbitratur.
1058 655 1098 724 In
1117 652 1171 724 bis
1188 677 1255 726 no-

129 783 210 831 men
225 760 403 852 profitetur
421 768 519 827 snum
536 745 698 827 Dtcerias
723 749 768 828 'li
786 749 844 828 vl,
862 768 899 849 p}
913 753 995 843 78„
1021 757 1075 827 cui
1098 755 1254 852 adstipu-
1286 832 1289 844 ,

122 863 218 953 ¹latur
241 860 440 931 Sanadonus
473 854 518 928 Τ.
542 857 583 932 V.
613 883 650 954 p.
672 849 734 929 50,
786 860 909 951 Neque
930 868 1045 930 tamen
1075 859 1254 952 quisquam

130 962 398 1038 Scholiastamul
416 950 521 1045 fidem
541 956 695 1033 disertius
715 953 927 1055 inpugntait
953 976 1080 1055 eosque
1101 964 1252 1036 vanitatis
1305 994 1309 1000 ·

129 1062 385 1158 stoliditatisque
411 1064 548 1159 gravim
567 1085 645 1135 cum
664 1053 892 1158 indignatione
916 1055 1064 1156 quadam
1080 1058 1253 1138 insimula-

129 1173 195 1258 vit,
223 1185 325 1262 qnam
339 1156 535 1251 Wiela'ndns
555 1172 685 1239 nostras
704 1168 749 1241 T.
766 1159 795 1237 b
815 1190 853 1262 pa
870 1160 922 1237 bi
938 1182 1012 1262 sq.,
1045 1168 1141 1262 eujus
1153 1158 1256 1263 judi

131 1272 220 1344 cium
236 1269 292 1343 Fr.
305 1275 394 1366 nug.
408 1270 554 1342 Wobius
572 1265 608 1341 in
628 1261 726 1345 Anai.
746 1269 864 1341 Litan-
886 1264 963 1342 Vol.
981 1269 1006 1345 l.
1020 1284 1056 1366 p.
1078 1271 1165 1342 261.
1189 1298 1252 1345 sno

131 1396 268 1448 mensu
287 1369 333 1446 ita
349 1366 597 1471 comprobavit,
622 1363 827 1460 utdiceret,
846 1396 893 1446 ae
911 1386 1014 1469 p'os'se
1036 1366 1175 1467 quidem
1193 1382 1253 1449 tn·
1301 1422 1305 1433 ι

130 1482 233 1551 meaa
253 1476 428 1550 donasse
443 1479 537 1571 apud
554 1468 732 1549 licinium
746 1474 934 1572 eonmnri
951 1492 1029 1548 cum
1049 1478 1171 1552 tunica
1192 1490 1254 1551 soz

131 1584 210 1656 luia
223 1577 317 1676 apud
332 1580 508 1653 Senecam.
562 1570 667 1668 Qrmd¹
682 1570 859 1652 discrimen
873 1573 995 1651 veliem
1009 1568 1180 1653 docuisset
1192 1585 1254 1654 Vir

131 1683 280 1763 eximius.
330 1688 421 1757 Nam
443 1681 497 1753 cni
517 1676 629 1754 tunica
647 1682 755 1755 soluta
776 1688 955 1776 estusque
977 1680 1156 1756 comricta
1181 1685 1253 1779 οἰη-Ι

130 1789 232 1885 gulo,
257 1787 305 1861 ita
323 1787 422 1859 utsii
444 1785 652 1875 discinctus,
677 1789 726 1857 uti
746 1786 969 1865 Maeeenasa
992 1790 1124 1859 Seneca
1142 1790 1253 1883 Epist.

132 1894 254 1965 CXIV.
271 1888 307 1988 §.
322 1891 358 1961 6.
374 1892 583 1984 appellatur,
607 1892 635 1960 is
655 1886 760 1960 habet
774 1880 921 1960 tn'nioam
937 1884 1115 1962 demissam
1138 1891 1183 1961 ad
1198 1903 1254 1963 ta·

131 1995 193 2064 los.
244 1996 295 2081 lta
310 1991 456 2079 Balbus,
481 1993 663 2086 flagitiosus
685 1993 748 2063 iste
770 1995 875 2075 Asinii
889 1985 1049 2073 Pollionis
1073 1993 1254 2086 Quaestor,

130 2092 289 2193 pransus,
315 2095 411 2165 nudis
424 2096 589 2188 pedibus,
614 2090 726 2165 tunica
739 2096 865 2185 soluta,
890 2092 1043 2168 manibus
1058 2092 1103 2169 ad
1117 2110 1255 2193 tergum

130 2196 282 2294 rejectis,
307 2193 553 2286 inambulabat,
579 2206 617 2268 nt
631 2188 740 2269 Pollio
757 2190 912 2270 Ciceroni
926 2197 1040 2270 scribit
1055 2201 1100 2269 ad
1120 2200 1252 2273 Divers.

130 2304 225 2379 Libr.
247 2304 291 2373 X«
310 2299 378 2397 Ep.
403 2298 464 2377 θλ
487 2297 523 2398 ὃ
541 2298 577 2371 i.
610 2303 729 2393 ltaque
748 2318 770 2371 a
788 2295 958 2373 Wieiandi
981 2298 1141 2374 sententia
1158 2316 1254 2376 recte

131 2404 369 2478 discessionem
383 2396 497 2476 iecere
509 2395 727 2475 Heindorii'us
752 2415 787 2475 et
800 2405 1024 2477 Buttmannus
1044 2402 1067 2481 l.
1085 2422 1115 2479 e.
1137 2427 1173 2500 p.
1190 2406 1252 2477 bb.

129 2504 292 2604 imprimis
305 2509 457 2582 Senecae
472 2507 662 2579 testimonio
673 2499 848 2602 permoti,
862 2526 932 2601 quo
950 2504 1079 2599 nulium
1095 2526 1177 2580 sane
1194 2531 1255 2582 re=

130 2610 234 2708 periri
246 2621 360 2706 potest
374 2605 496 2682 certius
507 2605 684 2706 magisque
697 2605 924 2706 perspicuum.
968 2608 1254 2710 Verissimeenim
1288 2702 1291 2708 Δ

130 2717 355 2786 Buttmannus
375 2722 493 2808 negat,
518 2732 620 2783 ovum
635 2730 702 2784 ovo
724 2709 860 2784 similius
876 2708 982 2785 videri
1004 2732 1125 2809 posse,
1150 2739 1254 2809 quam
1287 2798 1290 2803 ,

131 2818 286 2889 Senecae
304 2817 540 2886 Maecenatem
555 2808 731 2885 Malchino
743 2817 938 2891 Horatiano.
971 2818 1131 2910 Accedit,
1158 2818 1254 2911 quod
1302 2806 1305 2815 ¹

131 2923 250 2992 fictam
276 2911 362 2988 iliaci
383 2930 507 2989 nomen
528 2914 575 2987 ita
599 2926 831 3012 comparatam
858 2930 926 3009 est,
964 2924 1003 2990 ut
1025 2938 1126 3009 vero,
1158 2921 1255 3013 quod

130 3027 239 3096 Poeta
259 3015 399 3116 intelligi
418 3020 541 3108 voluit,
570 3031 606 3092 et
625 3038 765 3092 numero
786 3026 822 3093 et
841 3016 1024 3115 quantitate
1045 3021 1253 3116 syliabarum

133 3121 326 3215 conveniat,
352 3119 469 3219 etlegi
488 3123 554 3212 illi,
580 3125 626 3195 de
644 3144 713 3218 qua
726 3144 829 3219 supra
849 3127 1007 3215 dininas,
1033 3123 1067 3196 in
1084 3126 1254 3222 ejusmodi
1281 3204 1283 3209 ,

131 3226 304 3301 nominum
326 3223 573 3324 permutatione
603 3245 624 3298 a
652 3230 763 3323 poetis
789 3222 959 3300 observari
982 3227 1098 3300 solitae
1115 3252 1252 3325 prorsas

130 3327 346 3426 respondeatd
397 3325 479 3425 lpse
501 3323 640 3423 quidem
662 3325 856 3402 illiciendus
879 3328 1052 3422 concedit,
1086 3332 1160 3406 lieri
1182 3355 1252 3430 po-

130 3437 251 3524 tuisse,
276 3445 315 3505 nt
328 3435 529 3522 Maecenas,
554 3432 643 3504 lecto
657 3427 727 3505 boc
746 3431 878 3504 Horatii
893 3432 990 3526 loco,
1016 3436 1168 3528 sentiret,
1192 3437 1253 3509 illa
1324 3488 1327 3495 »

131 3540 238 3608 verba
251 3532 296 3607 ad
313 3558 350 3607 se
364 3534 482 3607 referri
492 3554 619 3630 posse3
644 3536 708 3607 sed
728 3532 820 3608 idem
840 3546 962 3632 negat,
986 3537 1166 3609 Horatium
1182 3562 1253 3635 po·

131 3641 234 3712 tuisse
257 3664 299 3711 eo
322 3639 566 3733 imprudentiae
595 3645 697 3731 atque
725 3636 971 3712 inhumanitatis
1002 3641 1251 3736 progredi,‘ut

130 3745 240 3816 virum
257 3741 395 3813 civitatis
407 3748 672 3836 'praepotentem
687 3747 722 3813 'et
737 3745 824 3814 bene
839 3743 884 3814 (le
900 3768 938 3814 ae
950 3746 1106 3813 meritum
1122 3746 1169 3815 ob
1188 3768 1253 3817 ve·

131 3849 225 3919 stitus
240 3846 412 3917 mollitiem
426 3846 472 3915 ad
486 3844 603 3916 stultos
616 3845 803 3941 relegaret:
827 3845 863 3915 il
881 3844 975 3938 quod
992 3844 1092 3917 etiam
1106 3847 1251 3921 Wolfius

130 3960 241 4046 urget.
293 3948 488 4021 Ponderosa
501 3958 577 4018 sunt
589 3949 710 4037 verba,
729 3948 848 4041 quibus
860 3970 940 4020 usus
955 3948 1150 4022 Wrelandus
1170 3950 1254 4022 niiril

131 4055 225 4143 alind
235 4052 316 4123 inde
331 4052 444 4146 colligi
457 4074 559 4146 posse
575 4051 636 4140 ait,
661 4052 724 4123 nisi
737 4052 822 4123 boc:
847 4050 972 4141 ,‚Dass
985 4051 1162 4126 Maicenos
1174 4052 1254 4126 sicb
1271 4112 1274 4119 ,

131 4157 170 4227 in
185 4158 303 4227 dieser
318 4155 430 4227 Stella
449 4152 544 4226 habe
556 4152 877 4254 getroffenfinden
894 4153 1043 4242 innuen,
1066 4157 1146 4227 and
1165 4157 1255 4228 dass

132 4257 260 4333 Horou
271 4257 497 4357 freimatbtg
522 4278 842 4356 georg-gemmea
862 4278 944 4353 say,
971 4258 1255 4357 enrlaragea,

888 4360 1006 4434 ἘΗ
