2768 4838
51 300 53 307 '
159 272 237 365 ³54
364 312 417 362 aa
441 312 481 361 ar.
506 284 641 361 aurio
664 296 893 360 ata'ncatd
910 298 1073 359 ecura.

156 470 287 560 ¹l'ataor,
309 469 506 563 praesertim
523 490 603 536 cum
619 488 678 554 ea,
702 488 794 557 quae
803 436 1283 563 proxime'pr'aeceduutss'bt}
1363 468 1370 485 '

160 583 250 641 teute
262 574 424 667 perlego,
447 568 658 639 noudumita
669 569 853 661 persuasus,
868 562 1036 657 *utululla
1046 565 1197 659 rupeisit
1215 556 1282 636 dui»

39 748 43 753 ,
160 676 276 745 bitatio
288 674 433 744 necdum
455 673 598 765 amplius
611 672 768 759 credam,
791 666 952 763 protdet'a'
967 658 1122 755 tuu‘ts's'e,
1140 670 1283 738 aliblb‘-

152 778 235 865 'rlo,-
253 778 310 869 qul
328 776 385 845 bic
397 798 493 844 suum
506 776 669 862 studium,
684 756 975 843 'lliservieudii'stis'
989 760 1283 841 tenuerittcnu-

160 902 236 949 rum
268 879 471 963 commodo,
511 878 655 946 voluerit
673 876 817 968 jactare.
874 868 1283 962 Verumri'tcduoedam,

160 1004 248 1075 quae
265 982 310 1050 ad
333 981 553 1050 Praelationis
576 981 751 1069 Gellianae
785 978 912 1046 calcem
933 966 1118 1073 legauit*
1131 976 1183 1046 ''ea
1203 976 1283 1067 esse

152 1104 239 1175 ¹vere
264 1108 285 1152 a
313 1108 415 1152 manu
437 1084 604 1169 auctoris,
641 1083 788 1172 ideoque
819 1074 1003 1175 geuuir'ium
1027 1078 1283 1173 etidnl'Oapitis

157 1188 244 1255 illius
264 1187 414 1276 titulum,
448 1194 565 1255 tamen
590 1186 621 1252 ei
640 1182 745 1255 tidem
766 1184 894 1275 haberis
918 1182 1089 1273 nequeo,²'
1108 1182 1163 1268 dt,
1190 1187 1283 1275 quin

25 1347 40 1353 .,
151 1289 289 1359 ‘Gellius
304 1290 446 1357 Furium
458 1289 628 1359 Antiatem
645 1310 723 1356 cum
740 1280 961 1375 Crerdoileusi
981 1284 1282 1375 conlbilerit·,''²uob

149 1391 379 1460 'dubitandum
394 1414 467 1460 esse
482 1392 642 1459 arbitror:
667 1412 746 1459 nam
760 1390 981 1457 bisintitulis
1003 1388 1095 1474 e'sse,
1122 1386 1211 1479 quad
1225 1388 1282 1459 'u‘-

154 1495 303 1586 tuperari
320 1504 475 1586 possent,
503 1492 617 1562 docuit
634 1492 827 1585 Stephanus
847 1491 883 1558 iu
902 1488 1088 1561 Admonitl.
1110 1466 1281 1562 de'l'it'ill.

150 1592 270 1689 'Capp
293 1620 329 1688 p.
349 1594 399 1664 35
416 1620 466 1685 sq.
507 1595 685 1666 Commisit
700 1596 821 1663 similes
840 1616 970 1662 errores
981 1597 1091 1662 'etiam
1107 1595 1186 1662 alibi
1204 1598 1282 1664 Nu-

151 1700 260 1768 ·'ctium
284 1700 473 1767 Atticarum
491 1700 649 1790 scriptor,
684 1706 718 1766 et
736 1696 910 1787 quomodo
941 1698 1070 1766 Nonius
1095 1697 1281 1787 Marcellus

157 1803 322 1871 vocabula
344 1802 516 1883 latescere
546 1812 580 1870 et
605 1808 806 1871 aocteacerc
826 1800 973 1867 incertae
1000 1810 1102 1890 atque
1117 1798 1280 1894 ignobilis

153 1904 359 1973 ‘auctoritatis
387 1904 501 1972 dicere
524 1912 558 1972 et
580 1903 715 1972 habere·
725 1904 907 1995 potuisset,
940 1904 967 1970 si
992 1904 1030 1972 iis
1053 1925 1132 1972 usus
1163 1904 1280 1975 fuisset

149 2006 277 2073 'Furius
293 2007 427 2093 Antias,
453 2016 524 2073 tam
538 2008 690 2096 antiquus
711 2015 747 2074 ct
760 2006 880 2073 doctus
901 2007 1031 2097 poeta?
1081 2007 1199 2097 ltaque
1222 2018 1281 2077 aut

156 2108 271 2192 l'allor,
298 2118 355 2176 aut
371 2109 424 2176 isti
452 2108 545 2200 apud
561 2108 711 2177 Gellium
726 2130 843 2177 versus
866 2118 1038 2178 auctorem
1055 2110 1183 2177 babent
1205 2110 1280 2180 Fu-

147 2204 242 2279 ·rium
265 2208 482 2297 Bibaculum,
521 2213 579 2301 qui
599 2210 644 2280 ob
668 2210 823 2280 orationis
845 2220 1013 2280 tumorem
1035 2221 1069 2281 et
1096 2214 1280 2282 verborum

33 2367 36 2371 .
154 2313 363 2382 insolentiam
376 2315 464 2383 male
479 2314 573 2406 apud
593 2323 723 2401 veteres
737 2314 884 2400 audiret,
896 2316 899 2321 ’
911 2323 944 2382 et
969 2327 1047 2385 sunt
1059 2316 1159 2384 haud·
1174 2315 1280 2385 dubie

156 2416 351 2511 deprompti
381 2440 423 2485 ex
444 2418 563 2486 iisdem
591 2418 679 2508 epici
706 2419 839 2511 generis
860 2420 1044 2511 poematis,
1087 2420 1279 2511 exquibus

147 2514 316 2589 ¹¹Horatius
331 2520 489 2589 nonnulla
504 2521 640 2589 nomuit
698 2546 701 2551 ·
1236 2510 1239 2523 ¹

573 2756 576 2761 .
659 2664 698 2769 s·
728 2665 765 2744 ⁵·
857 2716 890 2765 -.

145 2848 148 2853 ⁴
255 2816 512 2910 Verumtamen,
537 2823 617 2892 licet
633 2844 700 2917 ,sex
719 2824 800 2893 istos
821 2846 954 2916 versus,
982 2825 1026 2896 de
1048 2842 1194 2918 quorum
1213 2834 1279 2898 au'-

145 2928 248 2991 ctore
270 2925 478 3015 quaerimus,
512 2924 557 2993 ob
581 2927 731 2996 dictionis
761 2927 911 2996 indolem
937 2930 1103 3021 Bibaculo
1130 2931 1278 3002 tributus

148 3025 286 3111 malim,
317 3036 445 3096 tantum
466 3038 579 3097 tamen
599 3031 711 3116 abest,
743 3038 780 3123 ut
800 3030 912 3121 dmuia
943 3026 1015 3124 ejus
1033 3028 1180 3102 carmina
1206 3034 1279 3125 lroc

153 3130 292 3197 tumoris
306 3129 385 3197 vitio
398 3130 523 3199 inlecta
538 3132 640 3200 fuisse
662 3132 878 3220 contendant,
904 3145 942 3203 ut
960 3139 1120 3205 acerbam
1141 3136 1279 3208 Horatii

154 3246 330 3315 censuram
350 3232 395 3299 ad
421 3234 518 3328 epica
546 3233 652 3304 modo
678 3234 750 3328 ejus
771 3236 927 3305 'carmina
948 3242 1134 3309 restrictam
1161 3242 1278 3316 velim.

151 3335 309 3425 Namque
330 3334 423 3403 haud
450 3337 577 3406 malum
604 3361 682 3406 eum
713 3339 815 3432 fuisse
837 3338 1030 3410 lamborum
1061 3344 1278 3437 scriptorem,

151 3437 274 3531 partim
294 3438 543 3533 locupletissimi
557 3450 719 3510 testantur
733 3443 930 3531 antiquitatis
951 3456 1122 3536 auctores,
1147 3449 1279 3538 partim

152 3540 293 3631 aliquot,
321 3563 409 3630 quae
433 3552 577 3635 aetatem
597 3546 705 3613 tulere
726 3554 894 3641 nostram,¹
917 3547 1174 3640 Epigrammata
1200 3550 1278 3642 ejus

57 3636 61 3651 '
150 3644 318 3736 nobismet
330 3644 409 3737 ipsis
429 3644 738 3741 laciuutjudicaudi
755 3650 898 3741 copiam.
915 3682 918 3687 ·
938 3651 1030 3720 luter
1043 3664 1144 3722 testes
1158 3656 1278 3745 primo

151 3744 228 3814 loco
238 3746 477 3839 producendus
490 3754 541 3820 est
555 3751 775 3837 Quintilianus
791 3752 817 3819 l.
830 3750 893 3826 Or.
905 3753 950 3823 Χ.
969 3753 1002 3822 l.
1017 3750 1120 3852 §.llll
1141 3756 1277 3843 „lurra

156 3920 365 3937 Q

160 3950 167 3989 ¹
182 3968 187 3979 ι
578 3988 583 3999 ¹
653 3990 657 3999 Ι
1223 3980 1229 3991 ι

139 4006 264 4091 ,l'tolem
281 4010 389 4077 Flavius
407 4013 434 4067 in
451 4016 601 4073 ommate
619 4037 643 4072 c.
656 4014 705 4075 ¹95.
722 4019 909 4091 eisquelidem
919 4029 952 4079 et
968 4024 1149 4079 auctoritatem
1168 4023 1278 4081 tribue-
1367 4080 1370 4087 ,

148 4082 212 4155 pqut
230 4070 305 4133 utor.
324 4081 429 4137 0lto‘in
445 4086 505 4139 Vita
529 4086 616 4140 Servii
639 4086 751 4158 Sulpicii
773 4091 821 4146 leti
848 4095 912 4161 Cap.
931 4094 976 4146 lu.
998 4099 1022 4161 §.
1039 4095 1065 4150 4.
1083 4094 1109 4146 ἰη
1135 4093 1278 4169 Thesaur-

139 4146 209 4200 Jnr.
227 4146 308 4230 Rem.
324 4150 363 4204 Τ,·
376 4153 409 4204 V.
425 4170 452 4221 p.
469 4148 547 4210 lbi&
570 4164 599 4210 et
615 4159 681 4228 Aug.
693 4160 787 4224 blasius
811 4161 839 4213 in
856 4164 914 4231 Not¹
934 4165 999 4216 ortt.
1016 4165 1051 4217 ad
1068 4162 1152 4220 Cicer.
1169 4164 1204 4220 d.'
1215 4166 1278 4218 Re-

185 4215 221 4267 bl.
238 4216 315 4295 lulis.¹
327 4219 376 4299 lll·
389 4239 425 4301 cg
435 4223 523 4303 2¹14.
539 4226 601 4283 249.
619 4229 653 4303 u,
669 4231 858 4299 reprebendens
871 4233 1076 4299 Forccllinium‚
1090 4233 1140 4303 qui
1156 4232 1188 4289 iu
1206 4235 1278 4291 Lex.

188 4284 222 4341 la.
238 4300 261 4341 ι.
278 4288 306 4342 t.
321 4286 531 4355 alnalmtttun
547 4296 581 4348 de
592 4294 702 4352 illorum
718 4298 1067 4358 mutuaenutuae.
1136 4304 1141 4331 ²
1173 4314 1179 4327 “
