2768 4838
132 264 208 341 let
369 280 426 343 ιιιι
450 288 483 340 o.
507 288 682 340 urcrrro
706 288 849 340 causo
873 290 1031 343 roera.

130 443 181 511 llt
193 464 239 510 ec
255 438 406 513 Electra
423 440 542 513 Attilii
563 440 615 509 ad
633 440 785 509 similem
804 443 1023 514 senentiam,
1073 442 1142 512 Hac
1161 442 1253 515 Sue-

129 546 337 632 toniilocus,
362 546 489 633 fateor,
518 565 655 639 prorsus
672 544 797 613 refutat
810 568 939 633 meam,
964 570 1068 637 quam
1089 546 1133 616 de
1150 546 1254 617 Cice·

128 650 221 718 runis
231 648 320 715 -loco
335 648 370 716 d
383 648 458 721 mu
472 648 544 719 Le.
560 646 594 737 2,
620 670 725 739 supra
738 650 830 717 movi
845 648 1104 737 dubitationem,
1129 650 1159 718 si
1174 652 1255 741 qui·

128 751 210 820 dem
230 748 385 842 apertum
412 760 479 839 est,
519 749 625 820 Attilii
642 750 830 840 Electram,
870 751 1048 822 comoedia
1069 754 1097 822 si
1124 753 1254 841 fuisset,

128 876 198 925 non
215 854 364 946 putruisse
385 855 548 947 agipost·
566 852 649 924 Julii
670 853 822 923 Caesaris
843 854 995 928 caedem.
1060 854 1255 927 casauboni

129 950 417 1049 conjectura-qui
430 959 465 1025 in
479 956 631 1026 Suetonii
643 956 721 1026 loco
736 978 782 1026 ea·
796 957 948 1027 Electra
955 958 1046 1027 Attii
1060 958 1139 1027 ulia
1151 960 1255 1042 scribi

127 1060 251 1145 rolriit,
278 1054 427 1131 omnium
446 1061 647 1153 scriptorum
660 1060 789 1129 silentio
810 1060 855 1131 dc
875 1062 957 1131 Attii
978 1061 1116 1130 Electra
1133 1063 1254 1152 ntique

129 1162 310 1254 premitur:
333 1163 371 1235 id
386 1158 480 1255 quod
492 1164 661 1256 urgebant
677 1162 777 1231 etiam
792 1162 870 1233 W.-
878 1164 954 1232 Du.
962 1165 1057 1255 ,qui
1078 1165 1169 1233 illam
1180 1165 1255 1234 Viri

127 1263 251 1359 Magni
270 1269 495 1359 suspicionem
517 1265 748 1385 exploderent
814 1264 942 1335 Verum
968 1275 1081 1337 umen
1102 1274 1137 1336 et
1158 1266 1254 1366 Tor-

21 1456 25 1461 ¹
128 1370 254 1439 tentius
270 1379 307 1439 et
322 1368 617 1459 Oudendorpius
608 1390 641 1434 m
657 1367 770 1436 Codd
785 1366 871 1437 Mas.
895 1369 1000 1439 Accii
1019 1380 1054 1440 ct
1073 1346 1188 1440 Atlii
1184 1392 1253 1463 pro

128 1472 247 1542 Attilli
267 1482 441 1541 exaratum
465 1471 680 1588 invenerunt,
716 1471 763 1538 ita
782 1480 821 1537 ιιι
841 1469 1061 1541 Casaubonus
1082 1473 1140 1542 illa
1161 1473 1253 1542 Sue·

63 1570 67 1579 ’
127 1577 210 1644 lonii
223 1572 351 1644 verbu
342 1575 478 1642 numme
492 1568 563 1639 siue
575 1568 742 1638 Codicum
755 1570 919 1661 suffragio
932 1582 1063 1641 mutare
1076 1598 1176 1645 ausus
1191 1576 1253 1661 sit3

128 1677 252 1748 deinde
264 1674 347 1744 Attii
364 1676 493 1768 pariter
513 1694 556 1739 ac
575 1671 715 1751 Pacuvii
725 1672 942 1763 Tragoedias
962 1671 996 1741 in
1018 1696 1150 1745 summo
1171 1686 1252 1747 tuuc

127 1781 290 1872 temporis
303 1778 438 1847 luerunt
447 1774 580 1855 honore
593 1798 634 1842 ac
654 1775 783 1866 pretio;
809 1774 855 1843 de
869 1775 985 1845 Attilio
1007 1786 1124 1845 contra
1147 1780 1252 1848 altum

128 1882 309 1968 silentium,
334 1880 422 1949 si'nb
440 1901 508 1947 uno
527 1876 592 1947 isto
607 1876 779 1949 Ciceronis
794 1878 872 1948 loco
886 1879 1088 1949 discesseris.
1139 1881 1250 1949 Porro

127 1983 252 2052 adduci
270 2006 339 2051 non
359 2002 515 2077 possum,
554 1990 593 2048 ut
612 1990 693 2073 post
715 1982 977 2050 laudatissimam
1000 1982 1092 2051 illam
1112 1983 1252 2055 Pacuuii

127 2080 357 2178 lragoediam,
392 2084 514 2171 Attilii,
549 2084 652 2173 ferrei
679 2092 714 2154 et
736 2085 901 2153 durissimi
925 2095 1068 2178 poetae,
1110 2096 1251 2182 tragoe-

128 2187 220 2257 diam
240 2190 330 2259 male
352 2211 396 2258 ex
416 2186 615 2280 Sophoclea
634 2209 832 2256 conversam
855 2187 914 2256 illo
926 2197 1091 2281 tempore
1116 2190 1250 2259 Romae

127 2291 255 2361 editam
275 2315 351 2361 esse
365 2290 520 2380 credam,
546 2311 672 2381 eaque,
698 2290 863 2359 etiamsia
882 2291 969 2359 Polo
990 2291 1142 2382 quodam
1162 2300 1250 2362 esset

126 2394 303 2487 actalrid
316 2392 504 2465 GelliusN
522 2394 566 2463 A.
581 2393 657 2465 Lib.
671 2393 798 2468 vite.
820 2388 900 2485 5.,)
924 2403 1154 2487 spectatorum
1175 2395 1249 2463 aui·

125 2520 201 2568 mos
214 2500 367 2592 potuisse
385 2498 526 2591 percelli
538 2482 759 2568 miseratione
808 2496 1005 2587 Denique
978 2519 1008 2566 sa
1020 2498 1055 2565 iu
1066 2497 1249 2590 deperditis

124 2611 279 2673 vacrum
292 2608 470 2694 poetarum
481 2599 605 2668 fabulis
618 2600 779 2697 scenicis,
803 2622 947 2690 quarum
966 2601 1057 2669 nil
1026 2601 1087 2669 msi
1108 2602 1191 2669 tituli
1204 2600 1251 2671 ad

125 2714 276 2775 nosnam
286 2711 514 2797 pervenerunt
525 2703 741 2789 memoriam,
765 2704 968 2824 scriptorum
980 2703 1170 2777 testimonia
1182 2727 1251 2772 nu·

125 2824 259 2878 merare
285 2806 479 2892 mallemus,
512 2828 616 2927 quam
633 2804 842 2900 ponderare,
874 2807 966 2898 quis,
1000 2796 1144 2896 quaiso,
1179 2828 1251 2876 non

126 2910 237 2999 ridet,
262 2919 348 3000 quot
355 2904 514 2978 damna
526 2911 585 2979 uui
601 2908 751 3002 iterumue
765 2909 862 2979 alteri
880 2917 915 2979 et
929 2909 1095 2978 Graeciae
1115 2918 1150 2978 et
1162 2909 1251 2979 Latii

126 3022 308 3108 poetarum
330 3011 531 3105 deroganda
551 3010 678 3083 esseut!
729 3012 839 3083 dam
829 3036 865 3081 ιιι
891 3012 1042 3082 Suetonii
1061 3012 1139 3080 loco
1166 3012 1251 3083 Attii

127 3110 303 3188 Electram
314 3116 580 3203 utirlseniamns,
596 3115 742 3210 plurima
755 3114 897 3184 suadent
909 3125 1111 3209 argumenta
1122 3114 1251 3185 interna

130 3230 166 3290 et
187 3230 340 3308 externa,
366 3242 455 3311 qnae
475 3218 646 3306 dicmur,
677 3218 887 3307 totidemque
907 3218 1045 3307 adsunt,
1070 3242 1158 3311 quae
1180 3218 1250 3288 dis-

129 3323 293 3395 suadeant
315 3322 551 3414 cognominem
570 3322 674 3391 Attilii
695 3321 924 3415 tragoediam,
962 3344 1064 3411 quam
1085 3322 1250 3408 librarius,

67 3420 72 3425 ’
130 3428 200 3521 sive
211 3446 337 3509 recens
351 3448 375 3493 a
393 3425 605 3495 ciceroniani
625 3426 692 3493 loci
710 3448 897 3519 perperam·
915 3424 1074 3507 intellecti
1095 3426 1248 3523 lectione,

130 3518 192 3613 sen
209 3531 383 3599 nominum
396 3526 490 3609 Attii
511 3536 545 3597 et
563 3526 681 3598 Atlilii
703 3528 933 3599 confusionem
955 3529 1054 3599 solito
1074 3528 1249 3597 oculorum

131 3653 245 3703 errore
262 3632 455 3718 admittens,
481 3629 538 3699 bic
558 3630 696 3701 intrusit
748 3631 969 3724 Quapropter
990 3631 1082 3701 haud
1101 3629 1249 3697 diffiteor

131 3734 324 3805 casauboni
338 3734 567 3827 'conjecturam
579 3732 797 3805 vehementer
809 3735 892 3805 mibi
905 3734 1069 3815 arridere,
1093 3752 1249 3821 eamque,

49 3852 52 3859 '
130 3861 198 3929 qua
218 3838 311 3907 Attio
331 3836 468 3907 Electra
486 3837 663 3930 tragoedia
681 3836 886 3927 vindicetur,
911 3839 1018 3907 multo
1037 3836 1144 3928 magis
1166 3834 1249 3902 mihi

129 3941 286 4035 probari,
311 3963 414 4029 quam
432 3940 658 4033 opinationem
670 3942 857 4030 Torrentii,¹
883 3940 959 4032 qni,
983 3939 1183 4031 scriptorum
1204 3936 1250 4006 de

133 4044 214 4113 Attii
225 4042 362 4112 Electra
379 4043 508 4133 silentio
526 4055 700 4138 pennotus
713 4054 747 4115 et
762 4040 877 4115 umen
891 4042 996 4114 Attilii
1008 4041 1177 4110 mentione
1192 4041 1250 4109 ol·

133 4144 256 4235 tensus,
280 4145 381 4217 etiam
396 4126 519 4217 rerba:
546 4169 592 4217 en
611 4146 783 4243 uzano,
806 4156 992 4249 tamquam
993 4166 1034 4214 ex
1047 4145 1138 4237 gloss
1124 4152 1251 4213 <emate

131 4250 306 4411 prolecta,
337 4257 432 4320 textu
457 4250 680 4344 removenda,
720 4200 783 4343 ct,
800 4260 842 4321 ut
863 4222 1032 4336 Ραωιῖἰὸ,
1073 4247 1123 4315 ita
1148 4246 1252 4318 etiam
