2768 4838
624 910 654 979 lt
675 912 705 977 Ε
906 960 910 965 -

193 1093 249 1191 c.
274 1060 570 1193 'crcraro
605 1092 843 1201 convo
884 1094 1133 1191 ronan
1226 1042 1230 1047 ’

107 1627 245 1760 Quum
264 1656 554 1757 Calma'ojuaqne
580 1658 752 1733 familiaria
774 1657 928 1733 Catullus
949 1682 971 1733 a
990 1650 1225 1761 Romanorum
1344 1730 1349 1745 .,

109 1765 330 1860 scriptoribus
349 1765 385 1837 in
406 1772 525 1834 eornin
544 1786 685 1834 numero
705 1760 834 1835 soleant
856 1767 992 1855 referri,
1017 1768 1106 1837 circa
1126 1790 1224 1858 quoa,

109 1880 148 1941 ut
168 1871 212 1944 A.
235 1869 366 1941 Gallos
388 1868 512 1937 alicubi
539 1866 601 1957 ait,
634 1867 781 1937 effloruit
801 1868 961 1959 quicquid
987 1878 1164 1940 cannatum
1190 1880 1226 1940 et

108 1973 303 2047 Gratiarum
319 1974 460 2067 plenum
473 1970 640 2041 Groeolaa
654 1992 831 2065 opponere
845 1981 963 2065 poscet
981 1972 1135 2059 latium3
1157 1974 1226 2043 mi·

109 2098 187 2147 rnm
199 2078 356 2170 proiecto
377 2074 530 2165 quemria
548 2082 664 2145 tanam
682 2092 822 2145 neceaaa
843 2083 911 2163 eat,
937 2075 1031 2169 quorl
1052 2076 1227 2171 Horatiae,

110 2201 258 2250 aurumne
280 2178 492 2248 Gmccorum
516 2176 708 2247 'admirator
727 2186 761 2248 ct
787 2178 973 2248 aemulator
1005 2179 1227 2271 felicissimna,

111 2282 224 2354 Satira
243 2279 376 2355 decima
400 2280 496 2351 Libri
522 2278 746 2373 Lntriusque
770 2289 895 2374 poetae
925 2302 1004 2349 cnm
1030 2290 1228 2377 contemptu

111 2384 261 2477 quodam
273 2384 439 2474 meminit,
463 2406 648 2477 eorumque
658 2392 819 2480 poemata
830 2384 925 2456 velut
936 2382 1146 2483 aliudagcna
1159 2388 1227 2459 ob-

111 2491 204 2579 liquo
212 2487 344 2583 judicio
359 2486 468 2583 carpit
482 2509 515 2561 v.
530 2484 591 2556 ltt
778 2554 781 2559 ,

163 2589 245 2680 lui,
268 2592 407 2685 ecripta
421 2589 546 2685 φιίὀιω
559 2586 745 2661 comoedia
751 2590 881 2684 priano
893 2590 981 2663 uitia
999 2598 1062 2684 aar,

17 2729 20 2733 ·
164 2692 245 2766 Hoc
256 2693 419 2781 nabunt,
445 2693 513 2764 laoc
528 2701 608 2763 aunt
622 2694 805 2763 imitandi:
829 2716 916 2787 praua
926 2694 1203 2790 nequepalcltet·

165 2796 415 2893 Hermogenes
430 2817 600 2889 amporam
614 2795 727 2889 legit,
750 2818 864 2889 neque
875 2797 998 2867 simiae
1012 2799 1092 2886 iate,

163 2899 228 2975 Nil
236 2907 389 2997 practer
407 2898 560 2973 Calvum
573 2906 608 2970 et
620 2896 747 2975 doctae
760 2907 911 2975 camara
926 2899 1118 2979 Catonum.

114 3004 222 3100 cajus
235 3005 304 3076 loci
315 3005 365 3076 ria
382 3010 416 3075 et
429 3024 572 3075 acumen
584 3025 654 3097 qno
675 3002 793 3073 malian
808 3003 1049 3097 perspiciatur,
1070 3002 1227 3079 decrivi

111 3111 182 3180 rita
195 3132 237 3179 ac
249 3108 365 3180 atudiia
377 3106 482 3203 paulo
495 3107 680 3177 accuratius
691 3128 860 3199 exponere
874 3107 1000 3200 placet
1231 3134 1234 3139 ·

214 3211 306 3285 Nam
318 3212 405 3283 iuter
418 3234 536 3282 omnes
554 3208 677 3299 hodie,
702 3218 864 3301 quantum
876 3210 997 3299 samm,
1022 3208 1155 3280 Horatii
1167 3208 1227 3281 In-

114 3322 279 3411 terpretea
302 3316 475 3404 convenit,
504 3314 674 3398 Calvum,
700 3314 796 3408 cnjus
814 3323 974 3407 poemata
991 3314 1228 3407 Hermogenes

115 3417 257 3515 ejusque
277 3420 408 3507 simius,
431 3419 639 3507 Demetrius,
663 3417 861 3518 indignante
874 3418 1020 3504 Flacco,
1045 3424 1228 3505 cantarent,
1253 3422 1255 3433 '

115 3544 190 3596 esse
208 3522 248 3593 ⁰.
271 3521 446 3593 licinium
472 3520 641 3609 Calvam,
675 3522 916 3595 nobilissimum
934 3521 1029 3590 illum
1048 3527 1229 3609 oratorem,

117 3624 288 3697 mearam
303 3626 481 3717 aequalem
496 3634 531 3695 et
542 3624 728 3714 aemulum,
748 3635 784 3717 ot
798 3626 944 3697 amicum
957 3620 1081 3695 Catulli
1093 3630 1230 3717 poetae,

116 3750 264 3820 quocum
277 3727 335 3798 hic
349 3729 568 3823 contemptim
582 3737 617 3799 et
635 3729 713 3798 satia
733 3720 895 3798 inuidioso
915 3727 1137 3820 componitur.
1186 3726 1232 3797 ld

117 3853 221 3923 quum
230 3830 307 3926 jam
320 3838 480 3903 testentur
494 3833 703 3905 scholastae
717 3830 762 3906 ad
779 3831 815 3905 h.
829 3832 871 3919 L,
894 3830 1081 3905 mirabilem
1096 3828 1231 3905 admisit

117 3956 266 4006 errorem
279 3934 312 4006 1.
326 3935 371 4005 Β.
387 3935 622 4029 Coponios,
649 3936 723 4025 qui,
738 3934 780 4005 Ρ.
798 3930 972 4007 &attam
984 3932 1135 4011 astet.
1148 3934 1247 4005 Μ’

117 4062 146 4107 c.
170 4036 231 4111 20.
253 4047 404 4128 secutua,
442 4038 478 4111 in
499 4035 698 4110 Pacuuium
718 4036 839 4109 Stoico
858 4034 1035 4108 Aristonis
1060 4035 1142 4111 Chii
1164 4045 1231 4109 etc·
1328 4045 1333 4055 '

116 4143 211 4236 Lipa.
226 4142 338 4217 1742.
349 4166 389 4239 p.
403 4140 480 4211 214
498 4166 568 4234 aq.,
598 4140 761 4235 neglectis
782 4151 934 4212 veterum
952 4140 1156 4233 scriptoram
1175 4149 1230 4208 te-

116 4246 292 4361 stimonia,
319 4248 643 4320 Calvomoratorem
663 4268 684 4317 a
705 4244 813 4319 calvo
833 4253 937 4341 poeta
957 4242 1110 4315 distinxit
1145 4304 1150 4317 .
1174 4241 1230 4312 De
1268 4254 1273 4263 ·
