2768 4838
261 274 309 325 nn
333 276 367 343 p.
392 273 541 325 aonarn
563 271 693 323 rancor
716 267 1072 337 remurmurans,
1168 243 1251 335 281ι

230 428 407 502 Pantilius
438 427 512 519 quia
543 436 578 497 et
610 424 702 501 unde
736 427 853 515 fuerit,
891 453 1030 524 prorsus
1059 429 1245 525 ignoratur.

127 531 333 605 scholiastes
349 531 452 622 Cruq.
467 531 514 625 nil
527 531 589 599 nisi
602 529 689 599 haec
705 530 893 600 adnotavitt
918 533 1096 624 Pantilius
1121 551 1249 599 nomen
1273 529 1285 536 ’

128 644 180 707 eat
195 637 276 705 vilis
292 641 424 728 poetae
443 641 478 703 et
494 632 722 705 maleolentia.
775 632 943 725 cruqffius
964 637 1039 731 ipse
1062 655 1131 707 uou
1157 633 1248 703 male
1324 709 1330 717 ,

128 740 333 831 suspicatur,
357 758 521 806 nomene
547 735 683 806 Graeco
707 735 860 805 effictum
883 761 973 826 esse,
998 763 1067 830 quo
1088 735 1163 807 vilis
1185 736 1258 829 oli-v

128 844 202 933 quis
215 851 320 933 poeta
333 841 558 932 significeturc
583 838 664 928 s'ed,
690 838 784 928 quod
807 838 908 908 affert
930 843 1133 912 vocabulum
1156 865 1251 911 aas·

127 938 270 1041 τηλήϊος
292 951 325 1011 et
347 943 506 1024 mutilus,
531 941 611 1011 vilia
625 942 790 1033 explicat,
815 941 852 1009 id
870 943 981 1011 fateor
1005 968 1062 1014 me
1082 946 1249 1037 ignorare.

130 1046 220 1116 Cum
239 1047 274 1114 in
287 1045 420 1114 Horatii
436 1042 547 1115 codd.
563 1042 662 1112 Mstis
676 1044 745 1112 hoc
764 1067 887 1113 nomen
910 1047 1010 1114 etiarn
1024 1049 1185 1139 scriptum
1208 1046 1252 1114 sit

128 1148 319 1220 Poniilliua
327 1169 339 1225 ,·
353 1149 468 1239 potior
481 1146 648 1215 censenda
663 1156 714 1216 est
726 1148 890 1240 suspicio,
911 1149 964 1218 isti
980 1147 1125 1240 homini,
1143 1171 1252 1241 quae-

37 1323 41 1329 ,
128 1253 178 1321 vis
193 1251 361 1319 vellicanti
384 1260 418 1318 et
432 1249 647 1337 detrectanti,
671 1250 810 1341 abipso
829 1250 971 1320 Horatio
995 1274 1119 1321 nomeu
1137 1253 1251 1344 impo-

116 1354 228 1424 situm
243 1377 315 1422 esse
330 1353 489 1423 ficticium
505 1344 607 1445 napo?
625 1351 696 1424 τοῦ
717 1353 790 1423 πᾶν
808 1351 943 1427 τίλλειν
966 1353 988 1422 i.
1006 1377 1036 1423 c.
1051 1379 1071 1423 a
1089 1356 1251 1423 vellican-

130 1457 195 1544 do,
220 1455 406 1548 carpendo.
434 1454 604 1547 Georgius
617 1453 793 1523 Fabricius
808 1454 844 1522 in
863 1456 930 1525 suis
951 1448 1134 1526 Cotlicibus
1154 1458 1251 1525 inve-

130 1560 180 1628 nit
199 1558 391 1643 Partiliua,
425 1557 520 1648 quod
544 1579 676 1627 merum
703 1566 755 1627 est
775 1581 877 1627 verae
896 1560 1048 1629 lectionis
1079 1560 1251 1631 mendum.
1328 1644 1331 1650 1

129 1661 286 1731 Fabricio
303 1671 416 1732 autem
438 1659 647 1754 conjicienti,
672 1659 735 1729 sub
759 1662 894 1729 nomine
907 1663 1039 1763 Pantilii
1059 1664 1164 1732 latere
1177 1662 1251 1731 Ba-

129 1763 293 1856 thyllum,
322 1764 493 1838 celebrem
512 1763 761 1837 Pantomimun
779 1764 865 1839 iltius
887 1767 1019 1856 amus,
1043 1763 1250 1839 Maeceuat‘n

130 2054 189 2104 tur:
206 2047 233 2102 id
247 2046 317 2117 qnod
329 2046 395 2103 bene
406 2045 645 2104 animadverterunt
655 2046 751 2105 Mauso
761 2054 789 2107 et
801 2049 1029 2108 Waclrenrutlrim.
1061 2048 1161 2106 tumr
1178 2046 1251 2104 enim

57 2182 60 2187 Ι
130 2124 187 2183 est,
202 2119 247 2186 qui
262 2118 458 2187 exemplumrei
471 2119 608 2173 faciendae
621 2121 707 2186 adita
723 2120 846 2175 inventor
859 2120 899 2186 is,
916 2122 961 2191 qni
971 2124 1093 2191 aliquam
1109 2138 1166 2173 rem
1179 2128 1268 2174 certa.

130 2188 176 2242 via
194 2205 228 2242 ac
244 2189 345 2242 ratione
383 2188 465 2255 rimus
483 2196 579 2243 tractat
598 2196 625 2243 et
644 2191 680 2244 au
698 2191 937 2258 certamaliquam
960 2194 1048 2261 legem
1066 2195 1183 2245 revocat.
1220 2188 1253 2243 rs

131 2275 193 2310 cunr
212 2258 240 2310 in
255 2257 345 2311 Satira
376 2256 470 2312 enimet
490 2258 617 2322 Lucilius,
636 2261 785 2327 appellatur
805 2277 830 2312 v.
859 2261 902 2314 ta.
916 2260 1053 2326 'inuentcr,
1079 2259 1153 2326 utqui
1172 2275 1252 2311 ausus

129 2332 197 2380 essct
216 2329 317 2395 pmmua
337 2328 366 2380 ta
384 2328 453 2380 lane
472 2329 557 2396 operis
576 2332 725 2396 conponere
745 2331 862 2382 carmina
881 2347 993 2393 morem,
1022 2336 1053 2383 ut
1069 2327 1197 2381 Horatiae
1211 2326 1256 2381 eil·

131 2396 187 2449 Sat.
201 2396 236 2449 ΙΙ.
249 2397 275 2453 1.
288 2412 315 2448 v.
328 2395 373 2449 6².
407 2399 494 2464 Atque
510 2397 539 2451 in
553 2397 606 2450 itae
621 2397 711 2465 operis·
721 2414 812 2464 mare,
842 2415 860 2453 a
878 2414 932 2466 qno
950 2399 1038 2453 aliena
1055 2404 1115 2455 urst
1131 2395 1253 2453 Enniana

130 2464 235 2525 Satira,
256 2465 358 2534 primus
377 2463 508 2536 insignem
524 2465 630 2519 laudem
646 2465 754 2535 adeptus
777 2473 834 2522 erat
854 2467 994 2533 Lucilius,¹
1017 2471 1048 2520 nt
1073 2465 1257 2541 Quintilianus

130 2534 204 2589 Libe.
219 2532 521 2601 x.1.§.9t.tecstur.
563 2534 742 2601 Quintilianus
759 2553 823 2589 sero
841 2536 952 2590 minime
965 2543 1063 2606 negat,
1089 2541 1151 2588 ente
1172 2533 1253 2588 nam

130 2603 204 2663 lium¹
219 2604 317 2668 fuisse,
339 2603 386 2670 qai
404 2605 507 2659 Satires
523 2605 683 2670 scrilsoeent,
705 2606 751 2659 sou
767 2612 869 2659 uncum
888 2607 969 2671 nint,
992 2605 1123 2661 [natine
1146 2603 1174 2657 iu
1199 2604 1255 2665 lion

131 2672 279 2725 carminum
292 2688 390 2743 genere
403 2674 517 2742 primunr
531 2674 697 2729 inclaruisse:
720 2692 802 2742 quere
821 2677 900 2729 etiarn
916 2675 1031 2729 Ennium
1050 2681 1080 2728 ut
1101 2673 1252 2727 Satirarum

129 2742 283 2810 scriptorem
299 2740 395 2793 omisit.
429 2741 557 2796 Horatius
571 2760 632 2796 enm
653 2759 686 2795 eo
704 2744 811 2796 nornine
828 2751 1031 2807 commemorat,
1056 2760 1074 2797 a
1091 2741 1189 2796 Lucilii
1204 2742 1252 2795 aa:

129 2811 299 2865 miratoribus
310 2810 444 2867 incitatus.
495 2813 562 2864 cum
575 2813 645 2869 euim
659 2811 749 2866 Satira
759 2819 853 2879 quarta
871 2831 897 2867 r.
911 2814 958 2868 11.·
974 2814 1097 2876 dixisset,
1118 2811 1253 2867 mulium
1322 2860 1324 2867 .

129 2879 289 2932 lutulentum
303 2879 400 2942 fluere,
416 2879 559 2932 verisimile
572 2886 625 2940 est,
644 2880 716 2932 illins
734 2888 865 2935 amatores
883 2886 910 2935 ai
927 2883 1133 2936 Horatiannrum
1148 2881 1252 2935 Satira-

130 2965 189 3002 rum
203 2950 394 3002 obtrectatores
404 2946 432 3001 irl
444 2950 542 3017 egisse,
559 2957 589 3002 ut
606 2949 736 3002 Lucilium
755 2950 914 3004 limatiorem
933 2968 990 3004 esee
1006 2951 1169 3004 declararent
1190 2966 1252 3002 eum

130 3017 251 3071 omnibus
263 3018 349 3087 postia
363 3016 571 3086 antiquioribus,
595 3023 652 3071 turn
667 3019 784 3073 maxime
798 3021 908 3086 Ennio,
924 3020 970 3087 qui
985 3020 1094 3077 ‚Setiam
1108 3019 1251 3087 scripserit.

130 3089 296 3154 Quapropter
310 3088 436 3140 Horatius
454 3088 541 3141 Satira
555 3087 658 3140 decima
679 3105 706 3140 r.
726 3088 770 3143 50.
788 3088 855 3142 illuri
872 3090 1004 3155 judicium
1024 3094 1143 3156 repetens
1165 3104 1193 3142 v.
1205 3086 1251 3142 aa.

129 3158 231 3225 pergite
248 3156 405 3221 concedam,
422 3156 555 3212 Lucilium
571 3156 728 3211 limatiorem
742 3156 841 3222 fuisse,
859 3174 938 3225 quam
954 3156 1068 3211 Ennium
1081 3162 1108 3209 et
1119 3157 1251 3229 reliquam

129 3236 269 3293 poetarum
283 3224 550 3290 seniorum-turbam}
576 3220 799 3291 amenitate.
814 3227 951 3281 Euniasv.
966 3226 1252 3291 (rememorante
1361 3263 1365 3268 -

129 3295 154 3348 si
167 3294 289 3358 viriseel,
307 3296 402 3349 melius
411 3292 501 3351 fliam
509 3295 664 3364 scripsisset.
704 3295 816 3348 Ennium
837 3302 889 3349 nou
906 3295 1041 3362 nominat,
1063 3296 1108 3350 seul
1128 3294 1252 3379 desipnet

130 3369 175 3415 aa,
188 3365 299 3417 radicet
315 3366 529 3418 Graccisietacti
544 3365 667 3418 cuminis
681 3372 787 3429 auctor,
814 3381 865 3417 non
883 3364 940 3418 sine
957 3365 1059 3418 ratione
1077 3372 1104 3416 et
1123 3364 1256 3431 consiliat

130 3433 174 3485 luia
188 3432 259 3484 enim
274 3434 363 3485 verbis
384 3435 530 3502 signifieat,
550 3434 683 3500 Ennium,
709 3434 733 3487 si
753 3434 845 3488 rutlior
862 3433 967 3488 lucilio
984 3430 1034 3498 stt,
1056 3430 1252 3489 examinem

129 3501 230 3554 habere
244 3502 278 3553 ab
292 3509 393 3569 aetate,
410 3520 462 3570 qua
474 3502 584 3567 vixerit,
600 3512 628 3556 et
641 3520 657 3557 a
668 3502 787 3559 novitate
802 3503 942 3568 carminis,
965 3503 1034 3572 quoti
1048 3502 1150 3569 primns
1165 3500 1252 3554 omni-

130 3587 176 3623 um
195 3571 351 3634 tentaverit,
370 3571 388 3623 i.
408 3588 432 3623 e.
452 3570 559 3624 Salinae
577 3572 686 3626 Graccis
706 3571 830 3626 intactm.
865 3572 965 3637 Ennio,
991 3571 1096 3624 Satirae
1114 3572 1253 3637 Romanae

131 3640 241 3703 aneton,
254 3638 390 3707 subjungit
400 3640 528 3694 Horatiae
544 3642 675 3709 reliquam
692 3649 831 3709 poetarum
843 3642 976 3695 emiorum
988 3642 1110 3705 mrtem,
1126 3639 1170 3692 eui
1180 3639 1256 3695 tte-
1313 3702 1315 3707 ,
1362 3640 1366 3651 ’

130 3710 250 3763 concedit
262 3708 395 3764 Lucilium
414 3708 576 3780 praestitisse
596 3710 730 3765 limatiere
748 3711 878 3765 scribendi
893 3727 1007 3780 genam,
1031 3710 1078 3763 ead
1092 3715 1159 3764 tecte
1173 3709 1254 3763 simul

130 3778 277 3846 significat,
289 3777 400 3830 nitorem
412 3785 439 3831 et
452 3794 583 3833 summam
593 3779 621 3833 in
634 3781 781 3845 excolendis
793 3780 915 3848 operibus
926 3796 1035 3832 manum
1047 3795 1098 3831 non
1113 3778 1169 3832 tani
1179 3778 1253 3848 ipsis,

131 3864 211 3914 wana
225 3848 387 3915 temporibus
402 3848 522 3900 defuisse.
558 3849 587 3900 le
600 3849 704 3903 lucilio
716 3850 786 3903 eninr
805 3848 997 3904 iestinationcru
1008 3848 1258 3916 repraesentant-⁴

131 3915 178 3985 qui
199 3923 300 3971 amaret
316 3917 447 3986 scripsisse
466 3918 589 3971 amatos
609 3920 678 3973 Ante
699 3920 783 3973 cibum
804 3926 909 3993 uersus,
933 3918 1042 3973 totidem
1062 3925 1205 3980 menonem?
1224 3921 1269 3975 ul*

131 3985 170 4038 ait
182 4000 208 4037 v.
222 3986 265 4039 uu.
300 3986 360 4040 Hac
370 3987 436 4039 inita
451 3985 638 4053 interpretandi
651 3987 731 4052 umus
743 3988 796 4041 loci
809 3987 912 4040 ratione
926 3992 983 4041 tum
996 3986 1103 4039 Homtii
1115 3984 1254 4041 consilinm

77 4101 79 4105 .
131 4054 219 4122 magis
233 4055 399 4122 perspicuum
411 4057 455 4116 fit,
471 4062 528 4109 turn
541 4056 656 4110 orationi
668 4058 741 4109 nulla
753 4058 794 4111 ris
811 4057 923 4110 iniertur
938 4073 971 4110 ac
987 4055 1109 4121 durities,
1125 4056 1200 4122 cujus
1214 4054 1254 4108 rei

132 4126 254 4191 culpam,
277 4123 323 4192 qni
341 4125 368 4178 h.
394 4127 482 4179 locum
510 4127 542 4178 de
560 4124 664 4179 Lucilio
684 4126 769 4195 accipi
789 4127 906 4192 malunt,
933 4125 980 4179 rix
1000 4125 1120 4195 elingere
1148 4127 1253 4193 queunt.

130 4193 271 4317 Pnigffisa
288 4194 321 4249 ds
339 4194 419 4251 Ennii
436 4193 535 4251 Satiris
554 4192 612 4267 egil
624 4195 743 4275 'Ruperti
762 4196 792 4251 in
809 4195 917 4267 Proles.
942 4195 978 4252 aa
994 4195 1133 4253 Jmmt-
1151 4194 1209 4250 vot
1230 4193 1252 4246 Ι.
