2768 4838
375 316 431 368 oa
455 317 649 370 nourrro
672 317 816 370 nauso
836 306 993 372 'scara
1165 293 1243 370 257

124 473 176 536 tot
195 462 372 556 obtingunt
387 466 549 557 lectores,
575 476 658 559 quot
675 464 780 537 habet
792 467 899 539 Persii
916 469 1020 556 liber,
1044 465 1143 537 tristis
1164 467 1243 539 licet

125 578 161 639 et
176 590 312 636 severus
327 570 548 661 argumento,
574 572 635 640 sed
655 592 740 642 unns
757 580 791 639 et
804 571 925 642 brevis.
976 570 1061 640 lude
1080 570 1162 644 nihil
1185 594 1243 641 re·

124 669 354 764 prehensionis
385 673 430 740 ad
455 669 608 741 Marsum
635 673 747 742 redire
767 683 872 766 patet.
938 674 1158 765 Quapropter
1174 687 1244 742 uon

126 795 214 865 opus
230 780 319 859 erat,
344 783 382 842 ut
399 774 596 849 Calderiuus
612 784 646 845 et
678 774 735 867 qui
760 798 838 843 eum
859 784 991 845 secutus
1013 786 1063 844 est
1082 775 1242 844 Ramirez

126 877 172 945 de
193 875 308 943 Prado
330 876 365 943 in
384 877 560 969 Hypomn.
583 901 618 971 p.
642 877 739 948 321.
753 879 854 947 abum
875 878 1057 967 quemdam
1079 875 1244 966 Marsum,

125 986 263 1071 poetam
276 968 468 1067 heroicum,
485 982 813 1050 comminiscerentur
828 981 996 1049 diversum
1012 980 1055 1047 ab
1069 981 1244 1073 epigram*

126 1080 373 1173 matographo,
408 1105 486 1150 cum
513 1107 582 1153 nou
611 1085 653 1153 sit
682 1084 861 1171 credibile,
899 1081 1091 1153 Martialem
1122 1083 1245 1153 dixisse

127 1185 239 1253 levem
257 1184 351 1273 quasi
366 1185 485 1254 nullius
504 1188 604 1279 pretii
621 1210 699 1287 eum
718 1197 875 1278 poetam,
902 1185 998 1278 cujus
1015 1183 1151 1255 laudem
1172 1195 1244 1254 stu-
1348 1200 1355 1211 ·

126 1287 222 1354 diosa
236 1285 338 1375 fuerit
360 1289 543 1359 aemulatus
566 1289 640 1382 1⁶).
691 1291 771 1359 Non
795 1299 923 1359 temere
946 1287 1110 1357 vv.1)1).
1137 1285 1252 1357 Marsi

126 1389 371 1458 Amazonidem
386 1390 491 1460 inisse
505 1400 643 1462 censent
655 1415 790 1461 carmen
802 1393 954 1484 epicum,
978 1391 1012 1460 in
1028 1412 1096 1480 quo
1110 1388 1246 1460 Hercu·
1306 1420 1321 1479 ⁴.
1337 1471 1339 1481 .

127 1493 168 1561 lis
188 1501 304 1561 contra
317 1495 508 1564 Amazonas
522 1495 692 1587 expeditio
707 1496 873 1591 copiosius
890 1503 978 1563 esset
992 1501 1150 1562 tractatae
1176 1513 1246 1582 qno

126 1595 162 1663 in
180 1606 379 1687 argumento
396 1596 453 1664 ille
466 1597 585 1666 habuit
616 1620 701 1688 qnos
735 1620 755 1666 e
780 1598 921 1666 Graecis
947 1596 1164 1688 scriptoribus
1188 1618 1245 1663 se-

128 1708 297 1788 queretur.
332 1701 422 1767 Nam
434 1701 477 1769 ab
493 1700 670 1784 Athenaeo
683 1701 781 1772 Liar:
792 1701 866 1770 Vll.
881 1723 916 1791 p.
933 1696 1018 1767 296.
1036 1698 1076 1768 G.
1094 1723 1119 1766 s.
1134 1721 1170 1791 p.
1183 1696 1244 1769 82.
1353 1724 1357 1740 ’

103 1898 105 1902 1
126 1801 206 1873 Vol.
222 1801 280 1872 lll.
299 1802 412 1871 Schw.
425 1813 630 1871 memoratur
650 1796 788 1882 Πόσσις
814 1799 843 1876 d’
870 1795 1059 1898 ‹iMct'yrqa
1080 1805 1119 1875 ἒν
1133 1797 1245 1896 τρίτῳ

127 1897 387 1995 Ἀμαζονίδος,
413 1928 526 1995 neque
540 1914 653 1973 tamen
665 1905 788 1995 liquet,
814 1927 939 1999 poema
950 1902 1052 1972 inerit
1066 1902 1246 1973 Amazonis

128 2005 221 2098 ejus,
247 2027 290 2071 an
307 2006 461 2087 historia.
506 2007 547 2075 ln
562 2007 802 2077 historicorum<
812 2006 949 2098 quidem
967 2028 1107 2075 numero
1121 2006 1246 2074 relatus

128 2118 181 2177 est
196 2108 307 2175 Possis
321 2104 517 2200 Magnesiae
535 2105 555 2178 a
570 2109 618 2178 lo.
636 2109 681 2183 G.
697 2110 819 2187 Vossio
843 2109 877 2179 d.
890 2110 977 2182 Hist
1000 2107 1060 2179 Gr.
1072 2108 1167 2181 Libr.
1186 2106 1246 2179 ΙΙΙ.
1268 2174 1271 2186 ,

126 2234 163 2304 p.
180 2208 266 2283 187.
290 2205 365 2291 Vol.
391 2211 449 2280 lv.
472 2209 567 2307 opp.
607 2211 881 2305 Cephisodotus,
906 2211 1027 2282 veteris
1051 2204 1267 2280 comoediae
1300 2277 1304 2281 .

105 2322 248 2414 poeta,
280 2313 325 2403 de
348 2337 418 2404 quo
446 2315 489 2386 A.
514 2314 706 2384 Meinekius
726 2316 761 2384 iu
782 2317 919 2402 Quaest.
951 2314 1050 2384 Secu.
1078 2314 1181 2405 Spec.
1202 2312 1246 2382 11.
1348 2398 1350 2402 p

127 2439 164 2508 p.
180 2414 239 2484 74.
259 2416 347 2508 egit,
372 2419 520 2507 itemque
539 2417 672 2487 mediae
695 2408 892 2487 comoediae
910 2424 1034 2511 poeta,
1058 2415 1247 2509 Epicrates,

128 2518 363 2606 Ambraciota,
402 2528 489 2590 teste
513 2521 692 2593 Athenaeo
713 2520 807 2592 Libr.
826 2521 870 2590 X.
901 2543 938 2614 p.
963 2517 1052 2589 422.
1076 2542 1101 2590 s.
1123 2519 1159 2611 p.
1184 2513 1248 2587 45.

128 2621 205 2690 vol.
221 2621 278 2689 IV.
302 2620 415 2694 Schw.
436 2624 602 2718 scripsere
628 2619 853 2716 Ἀμαζόνας,
887 2623 1072 2714 exquibus
1090 2628 1261 2715 potuerat,

128 2723 295 2793 Domitius
305 2724 439 2796 Marsus
461 2727 624 2814 mutuari,
647 2726 735 2796 utin
754 2727 854 2818 epico
875 2726 974 2803 etium
999 2727 1144 2795 carmine
1162 2724 1249 2794 levis

130 2849 203 2894 esse
229 2827 397 2896 videretur
418 2851 553 2899 moroso
576 2829 750 2922 oppositus
774 2828 891 2897 Persio
920 2837 955 2897 et
976 2829 1127 2918 tetrico,
1145 2849 1248 2918 quem
1362 2859 1365 2863 ⁴

129 2929 208 2997 ideo
224 2930 330 3021 sinapi
341 2930 507 3000 victitasse
519 2931 697 3002 festiveait
710 2930 878 3005 Heinsius.

234 3033 305 3101 Sed
319 3033 485 3103 mittamus
499 3035 604 3118 haec;
628 3033 793 3103 Bomitius
808 3030 1037 3123 Marsusquin
1051 3032 1150 3124 opica
1164 3030 1248 3099 scri-

129 3135 235 3227 pserit
261 3137 425 3223 canniua,
466 3137 620 3206 dubitare
642 3158 705 3224 uos
737 3159 805 3207 non
829 3137 904 3207 sinit
933 3141 1011 3204 cuni
1037 3132 1179 3204 Ovidius
1206 3155 1250 3202 ex

96 3244 99 3259 '
130 3238 243 3306 Ponto
258 3238 351 3307 Libr.
367 3241 425 3309 Ν.
440 3240 548 3333 Epist.
565 3238 625 3309 lo.
639 3263 673 3314 v.
688 3233 743 3327 5.,
768 3263 789 3306 ιι
809 3262 877 3328 quo
899 3252 976 3306 eum
998 3258 1077 3322 cum
1096 3229 1248 3321 Rabirio,
1282 3325 1285 3332 Ι
1340 3255 1344 3263 ’

131 3341 247 3431 magni
260 3351 362 3432 poeta
377 3345 443 3412 oris
469 3366 579 3434 eoque
593 3343 710 3435 epico,
728 3340 886 3435 componi
905 3341 1065 3426 vidimus,
1091 3348 1163 3407 tum
1184 3339 1249 3406 im-

130 3443 246 3535 primis
276 3443 439 3517 Martialis
473 3447 566 3523 Libr.
589 3444 681 3523 lllll.
705 3445 915 3540 epigramma
938 3440 1000 3527 bb.
1025 3442 1152 3526 Flacco
1175 3441 1249 3512 cui.
1346 3474 1350 3483 .

64 3603 68 3608 ¹
131 3599 341 3615 m

87 3690 93 3699 “
193 3693 251 3762 to)
275 3695 347 3750 Huic
364 3695 533 3763 conjecturae
548 3695 640 3755 Aves
662 3695 740 3752 video
765 3692 952 3764 Spaldiuginm
975 3690 1012 3747 ed
1033 3686 1250 3760 curreutes.
1279 3707 1303 3737 ¹.

131 3760 205 3816 bibr.
221 3765 254 3818 X.
272 3766 298 3817 1.
317 3769 342 3831 5.
360 3765 403 3819 94.
446 3765 521 3820 Alius
538 3767 562 3819 ni
578 3782 683 3822 necem
696 3772 738 3820 ot
758 3765 788 3820 b.
805 3765 828 3818 l.
843 3764 927 3819 intelli

132 3847 217 3899 quea
240 3834 325 3887 nobili
342 3835 389 3889 illo
402 3833 645 3904 epigrammatista,
671 3835 754 3890 satius
771 3833 824 3887 erit
846 3850 908 3886 cum
1183 3867 1191 3883 .

132 3916 230 3955 vocare
248 3902 354 3958 Codrus.
388 3904 422 3957 At
445 3905 513 3957 sicut
530 3921 606 3958 nemo
627 3906 657 3968 b.
674 3904 694 3958 Ι.
711 3905 745 3956 do
761 3903 790 3956 0.
808 3901 917 3966 Persio,
935 3901 1119 3975 Gracchorum
1135 3895 1251 3964 aequali,

131 3986 211 4038 quern
224 3970 356 4040 significet
372 3975 449 4027 valde
465 3975 572 4026 doctum
589 3991 645 4027 erae
661 3971 792 4038 bucilinr,
808 3978 839 4024 ut
855 3969 894 4024 ait
911 3969 1004 4024 cicero
1019 3968 1047 4023 i·
1063 3968 1142 4023 Brut.
1151 3983 1192 4050 ‘ss'
1197 3965 1252 4028 26..

133 4040 276 4108 cogitabit,
300 4042 338 4095 ita
359 4043 412 4096 buo
438 4043 509 4096 trabi
533 4043 623 4111 nequit
638 4043 752 4109 adm,
779 4041 864 4094 melus
881 4038 932 4093 isto
947 4043 1026 4106 poeta
1041 4042 1068 4090 et
1085 4036 1193 4104 Virgilii
1208 4049 1253 4088 ae-

131 4108 235 4176 qualis,
261 4111 333 4174 cujus
356 4128 450 4165 nomeu
476 4110 560 4164 serius
581 4109 697 4167 barrads
718 4111 818 4164 iactum
834 4125 890 4162 erse
906 4106 986 4162 docui
1001 4107 1031 4160 ln
1052 4106 1198 4159 Commeat
1223 4103 1251 4157 d.

131 4179 238 4232 sarcita
259 4182 411 4252 Timagenis
427 4183 588 4234 eamdam
611 4184 637 4248 §.
652 4182 681 4237 A.
723 4179 813 4246 Neque
835 4176 973 4247 quiequam
996 4180 1173 4230 wmmeulm
1197 4172 1253 4255 lie-

131 4247 252 4376 mi
271 4251 410 4320 probabit,
438 4250 499 4321 qni,
519 4255 556 4307 nt
577 4251 631 4310 dno
655 4249 773 4314 mnu,
795 4247 836 4303 ite
863 4247 945 4302 Mem
968 4245 1023 4301 dno
1044 4245 1149 4299 Menoe
1170 4242 1253 4295 lurae
