2768 4838
175 349 180 361 ,
299 275 348 354 11
373 278 407 342 q.
433 275 584 327 nonam
605 274 1107 329 mom—camoranam&
1206 236 1286 351 ’811

166 427 366 500 CCCLVll.
382 427 418 501 4.
444 431 525 501 dam
540 431 654 523 quial)
676 432 887 525 Hieronymo
904 432 942 513 in
957 431 1178 527 Cappadocia
1191 455 1285 503 mor·-

163 542 241 602 tuus
261 557 335 602 esse
352 542 386 602 et
405 557 426 602 a
443 533 584 628 Virgilio
601 535 637 604 iu
651 536 819 606 Bucolicis
838 545 973 605 notatus
994 538 1115 607 dicitur
1140 537 1192 606 Μ.
1211 536 1285 606 Ba·-

162 638 257 723 vius,
283 660 304 704 a
321 637 535 730 Philargyrio
552 637 753 730 perhibetur
767 640 871 710 fuisse
897 638 1070 711 Cicrotor:
1094 641 1285 732 quodqui-

163 740 243 808 dem
256 763 380 808 nomeu
397 764 465 831 quo
481 741 716 833 accipiendum
729 744 771 811 sit
783 742 988 836 significatu,
1011 745 1209 837 ambiguum
1224 753 1285 816 est.

162 844 253 912 Nam
270 845 465 935 Augustus,
490 854 527 913 ut
540 856 658 915 auctor
672 855 723 914 est
738 845 917 916 Suetonius
932 869 967 937 c„
979 844 1057 938 δί,
1083 870 1151 938 quo
1168 849 1284 938 plores
1356 885 1358 889 f

162 955 296 1039 partem
316 946 597 1016 administrandae
622 949 827 1041 reipublicae
850 957 1028 1040 caperent,
1061 973 1150 1019 nova
1171 951 1284 1025 officia
1327 1020 1330 1027 A

163 1050 382 1141 excogitavit,
408 1059 446 1116 nt
462 1073 577 1118 curam
591 1073 734 1142 opernm
749 1053 979 1144 publicorum,
1004 1052 1149 1140 viarum,
1175 1077 1283 1143 aqua-

161 1175 257 1238 rum,
289 1153 376 1220 alvei
405 1153 557 1240 Tiberis,
595 1154 754 1224 frumenti
786 1155 917 1249 populo
948 1154 1129 1224 dividundi.
1192 1155 1284 1224 Olim
1373 1152 1375 1157 ⁴

163 1278 278 1339 earum
291 1277 405 1322 rerum
423 1278 538 1324 curam
550 1257 707 1325 traditam
721 1259 824 1327 fuisse
841 1258 1061 1345 censoribus,
1088 1267 1220 1327 constat
1241 1281 1284 1328 ex

163 1358 328 1427 Cicerone
350 1358 393 1426 de
414 1358 527 1452 Legg.
548 1360 643 1429 Libr.
668 1361 727 1432 llI.
748 1386 777 1433 c.
794 1360 829 1432 3.
851 1357 886 1456 §
913 1360 949 1431 i.
969 1360 1049 1451 ibiq.
1071 1356 1228 1431 Mosams
1248 1362 1283 1430 in

161 1461 303 1533 Excurs.
319 1462 394 1530 ΧΠ.
412 1485 448 1554 p.
471 1461 548 1532 508
563 1486 632 1553 sq.;
658 1464 719 1533 sed
740 1466 913 1558 Augustus
932 1465 1080 1555 primam
1103 1465 1283 1549 constituit,

119 1631 122 1637 ,
162 1575 200 1633 ut
211 1565 268 1632 illa
283 1588 423 1633 monera
438 1567 618 1659 singularia
633 1576 743 1636 essent
753 1576 791 1635 et
806 1577 904 1636 stata:
929 1567 966 1635 id
987 1566 1080 1657 quod
1096 1567 1233 1659 Lipsius
1247 1568 1282 1636 in
1351 1601 1352 1605 ¹

161 1667 301 1737 Excurs.
323 1669 369 1736 ad
386 1669 497 1738 Taciti
514 1671 634 1739 Annal.
657 1664 750 1738 Libr'.
770 1670 831 1741 lll.
856 1694 884 1741 c.
907 1668 969 1744 31.
992 1670 1116 1739 docuit.
1167 1672 1282 1760 Atque

162 1771 236 1840 illos
252 1794 368 1840 omnes
383 1774 551 1840 communi
569 1773 783 1841 diaretorum
797 1774 932 1840 nomine
956 1773 1062 1842 dictos
1084 1795 1175 1860 esse,
1201 1773 1280 1842 satis

161 1876 318 1966 probavit
333 1874 551 1942 Casaubonus
565 1875 610 1941 ad
619 1876 768 1942 Suetonii
786 1876 808 1942 Ι.
824 1898 852 1942 0.
879 1875 1030 1943 Tametsi
1044 1884 1188 1969 tempus,
1209 1890 1281 1966 quo'

162 1978 220 2044 illa
236 1987 426 2043 curatorum
446 1999 586 2044 munera
605 1978 778 2069 Augustus
800 1977 920 2046 fecerit
936 1987 1029 2045 certa
1047 1988 1081 2047 et
1099 1988 1280 2071 perpetua,

161 2080 371 2170 incognitum
384 2088 452 2160 est3
477 2079 514 2159 111
532 2089 646 2148 temen
662 2089 755 2148 extra
768 2103 903 2149 omnem
924 2078 1164 2153 dubitationem
1185 2083 1288 2173 posi-'
1370 2087 1373 2091 ’

161 2191 233 2249 tum
256 2205 330 2249 esse
358 2181 509 2267 videtur,
541 2183 599 2250 illa
625 2184 668 2250 ab
697 2207 738 2251 eo
768 2206 836 2252 non
863 2185 955 2274 prius
974 2186 1125 2276 potuisse
1146 2186 1279 2272 institui,

162 2307 279 2375 quam,
290 2284 352 2352 Μ.
369 2285 517 2353 Antonio
532 2285 682 2373 devicto,
709 2310 792 2355 unus
806 2309 918 2354 rerum
932 2288 1064 2377 potitus·
1074 2297 1178 2367 esset,
1202 2288 1225 2359 1.
1248 2311 1280 2359 e.

161 2398 240 2482 post
252 2412 281 2456 a.
295 2387 341 2455 U.
357 2385 397 2456 C.
417 2384 502 2458 725.
544 2389 725 2458 Caeterum
738 2393 909 2481 Augustus
930 2389 1014 2456 illud
1025 2388 1162 2458 instituit
1177 2386 1279 2458 Maess

129 2525 133 2532 ·
162 2492 285 2559 cenatis
307 2513 424 2578 suasu,
454 2493 483 2560 si
503 2491 590 2561 fides
607 2503 657 2561 est
674 2493 774 2561 Dioni
804 2491 921 2560 Cassio
945 2491 1041 2565 Libr.
1061 2492 1135 2560 Lll.
1164 2516 1193 2560 c.
1216 2489 1279 2564 25.

161 2595 242 2663 dam
266 2617 308 2662 ex
326 2593 378 2662 his
400 2596 590 2682 conficitur,
615 2595 724 2665 111Μ.
746 2596 888 2682 Bavins,
915 2618 1017 2685 quem
1035 2590 1175 2663 triendio
1200 2605 1279 2665 anto

160 2720 312 2792 pugnam
327 2699 501 2766 Actiacam
514 2700 582 2766 vita
595 2697 790 2776 defunctum
806 2722 878 2766 esse
894 2698 1278 2789 testaturflieronymus,

162 2823 204 2868 ex
218 2801 285 2869 hoc
300 2800 501 2869 Curatorum
513 2825 640 2893 genere
661 2825 729 2869 non
741 2802 845 2868 fuisse
859 2801 1023 2874 videatur.
1048 2802 1163 2891 Atque
1184 2799 1279 2870 eam-

162 2903 242 2971 dem
255 2905 301 2972 ob
317 2927 468 2970 caussam
483 2913 641 2971 vetamur·
652 2905 803 2994 cogitare
818 2903 862 2971 de
888 2902 1121 2973 curatoribus
1141 2903 1278 2974 Caesa-

161 3028 253 3092 rum,
269 3008 389 3097 quibus
401 3007 528 3075 reditus
541 3008 672 3074 fiscales
687 3008 721 3074 in
735 3007 914 3097 prouinciis
932 3006 1151 3074 demandatus
1164 3008 1277 3098 fuissa,·

162 3110 320 3178 adversus
343 3110 497 3202 Lipsium
520 3111 554 3177 in
575 3111 717 3191 Excurs.
740 3111 785 3178 ad
808 3110 917 3177 Taciti
941 3110 1061 3178 Annal.
1084 3109 1179 3177 Libr.
1200 3110 1277 3197 ΧΠ.

163 3236 191 3279 c.
207 3212 268 3280 oo.
289 3215 433 3282 ostendit
446 3212 548 3284 Corn.
563 3238 628 3282 van
640 3212 892 3304 Bynkershoek
908 3209 1100 3281 Observatt
1124 3212 1216 3280 Libr.
1233 3213 1277 3281 ll.

164 3337 193 3381 c.
216 3315 277 3382 2o.
300 3341 337 3407 p.
356 3316 429 3384 189
444 3341 519 3407 sqq.
571 3317 611 3384 ln
634 3317 747 3385 medio
770 3315 870 3408 igitur
890 3316 1121 3405 relinquamus
1138 3338 1277 3407 necesse

163 3425 229 3502 est,
260 3419 359 3508 cujus
376 3422 426 3486 rei
441 3430 574 3488 curator
588 3421 689 3488 fuerit
702 3419 752 3487 M.
767 3418 908 3486 Bavius‘:
933 3417 969 3485 id
984 3417 1089 3487 modo
1102 3441 1168 3510 pro
1182 3426 1275 3487 certo

161 3520 280 3589 haberi
291 3530 421 3613 potest,
446 3525 603 3614 publicae
621 3523 671 3591 rei
690 3520 1008 3591 administrationem
1027 3521 1074 3588 illi
1087 3520 1195 3619 ¹fuisse
1210 3519 1276 3588 de-

162 3624 371 3704 mandatam,
397 3625 522 3715 alioqui
537 3650 605 3695 non
626 3626 790 3718 potuisset
810 3649 831 3692 a
844 3624 1059 3716 Philargynlo
1081 3623 1275 3714 simpliciter
1348 3690 1350 3697 r

162 3729 324 3796 nominari
342 3727 506 3798 Curam.
532 3729 690 3798 Fortasse
697 3728 964 3797 Triumvirorum
971 3725 1118 3818 jnssniu
1134 3726 1276 3818 Cappa·
1318 3795 1320 3798 .

163 3832 271 3916 1101111,
286 3832 500 3899 ubimortuus
516 3841 577 3918 est,
591 3832 748 3925 publicae
762 3830 900 3922 alicujus
908 3831 958 3899 rei
975 3827 1143 3899 curandas
1156 3851 1277 3898 caussa

164 3945 387 4002 commoratus
403 3943 468 4017 est,
494 3934 539 4000 ita
554 3946 591 4002 ut
605 3937 704 4003 etiam
721 3928 943 4003 Procurator
963 3933 1126 4000 nominari
1144 3932 1276 4024 potuis-

163 4048 230 4106 set:
256 4039 322 4106 vid.
338 4035 512 4106 Heinricla
529 4037 574 4104 ad
591 4037 762 4128 Ciceronis
776 4038 912 4128 Fragm.
928 4031 989 4106 Or.
1009 4056 1075 4126 pro
1096 4034 1148 4102 M
1163 4034 1277 4104 Tullio
1324 4079 1325 4082 =

160 4165 192 4215 ,0.
211 4136 403 4235 lo.§.1t.
424 4165 460 4234 p.
476 4139 536 4207 31.
559 4140 613 4208 ed.
637 4141 749 4209 Beier.
788 4137 956 4231 Ejusdem
974 4137 1072 4208 Bavii
1089 4139 1278 4207 meminisse

163 4244 294 4312 videtur
306 4244 535 4338 'Symmachus
553 4246 649 4318 Libr.
664 4244 709 4314 X.
730 4266 785 4338 ep.
806 4241 842 4313 l.
869 4246 969 4332 „nott
989 4241 1088 4313 idem
1108 4241 1219 4312 110001·
1241 4240 1278 4309 io
