2768 4838
101 210 180 284 488
302 235 351 285 os
376 236 526 317 renarra
552 192 741 286 manuari
757 234 1020 287 ‚munmrona

102 409 175 463 esse
197 384 296 472 dicit,
322 407 425 475 quam
439 385 598 465 virtutum
619 385 692 479 ejus
710 375 1105 479 admiratione'plenunu'
1151 385 1236 453 Hoc

102 501 237 574 autem,
265 488 359 577 quod
383 488 487 556 modo
521 489 606 575 diri,
640 497 769 558 tantum
798 491 911 577 abest,
953 499 991 557 ut
1013 488 1236 577 Cruquianae
1277 522 1280 529 ·
1383 508 1384 533 ¹

103 593 148 661 de
168 593 361 682 Licymnia,
393 593 496 682 ipsius
519 590 727 661 Maecenatis
759 594 884 680 amica,
918 593 1101 661 sententiae
1122 592 1236 661 fidem

103 697 251 787 aliquam
263 704 297 763 et
314 693 640 764 commendationem
653 696 823 783 conciliet,
849 705 887 764 ut
896 704 978 764 'earn
998 695 1105 787 sinon
1117 695 1235 787 pluri·-
1364 718 1368 731 ·

103 801 188 888 bus,
224 807 316 866 certe
350 796 445 865 haud
473 798 578 865 multo
599 799 791 867 levioribus·
805 807 939 891 premat
963 798 1232 869 difficultatibus.

105 901 211 987 Quod
228 903 255 969 si
270 902 358 969 enim
373 902 585 992 Licymniam
608 925 629 969 a
644 901 844 971 Maecenate
862 910 1009 970 amatam
1028 924 1102 970 esse
1119 902 1235 993 poni-

103 1029 197 1091 mus,
223 1005 338 1094 utique
355 1027 422 1072 non
440 1004 625 1072 verendum
648 1015 719 1073 erat
737 1005 898 1090 Horatio,
923 1028 968 1073 ne
988 1002 1175 1097 patronum.
1191 1005 1235 1073 il·

102 1110 167 1177 lius
185 1107 362 1201 ⁴uirtutibus
381 1108 505 1175 eximie
525 1109 759 1200 praedicandis
781 1106 981 1177 offenderet
1032 1108 1080 1176 At
1100 1130 1181 1174 cum
1203 1108 1235 1177 is

83 1284 86 1288 ,
104 1211 298 1282 Terentiam
315 1211 349 1277 in
366 1211 575 1279 matrimonio
591 1212 747 1297 haberet,
763 1211 912 1302 oportuit
926 1212 1019 1278 illam
1031 1233 1106 1279 csse
1122 1210 1235 1279 liber-

103 1316 208 1383 tinam
225 1322 258 1381 et
273 1314 492 1381 meretricem.
546 1313 627 1382 Jam
647 1313 782 1382 videant
801 1314 900 1398 milri,
927 1315 985 1404 qui
1007 1313 1063 1381 bic
1082 1311 1234 1382 Maece-

4 1496 13 1507 *
103 1418 189 1487 natis
204 1418 346 1483 audeam
363 1417 492 1484 laudari
508 1416 640 1504 dicunt,
666 1440 711 1485 an
729 1417 889 1485 Horatius
907 1416 1047 1510 publica
1063 1414 1132 1483 hac
1151 1416 1238 1485 fur-.

103 1521 162 1589 tivi
178 1520 264 1587 illius
285 1519 407 1587 amoris
434 1520 685 1611 praedicatione
705 1521 783 1588 satis
806 1529 904 1588 caute
925 1519 1139 1613 prospexerit
1160 1519 1243 1588 do-x

103 1623 265 1693 mesticae
279 1622 411 1714 patroni
426 1624 475 1692 sui
489 1624 637 1692 felicitati
652 1631 704 1707 et,
728 1631 768 1690 ut
788 1623 932 1710 amicum
953 1622 1113 1709 decebat,
1140 1644 1232 1690 con-
1280 1614 1285 1631 '

104 1726 242 1796 suluth
263 1725 336 1818 ejus
354 1748 432 1794 cum
449 1749 555 1796 uxore
577 1724 738 1818 pulchra,
763 1747 899 1795 morosa
914 1734 950 1794 et
970 1725 1118 1816 superba
1141 1747 1232 1793 con-

99 1830 259 1914 cordiae,
298 1851 405 1917 quarnv
429 1830 507 1898 rixis
536 1830 747 1918 dissidiisque
769 1852 880 1921 saepe
902 1829 1122 1919 interruptam
1153 1851 1233 1898 esse

30 1926 32 1931 ’
103 1931 278 2025 proditum
305 1931 478 2023 legimus?
525 1934 661 2022 Neque‘
672 1932 868 2022 Licymniae
896 1932 1070 2000 libertinae
1096 1930 1233 2020 laudes,

105 2036 257 2126 quamvis
278 2034 421 2103 fortasse
442 2036 506 2127 ipsi
526 2034 719 2103 Maecenati
741 2036 989 2120 blandirentur,
1012 2022 1128 2102 tamen
1151 2034 1233 2103 Au-

105 2142 207 2231 'gusto
225 2145 380 2229 poterant
394 2144 549 2206 non'esse
563 2161 684 2230 graves
700 2146 734 2205 et
749 2139 932 2207 molestae·
979 2137 1142 2206 Habebat
1158 2138 1233 2228 ille,

104 2240 202 2333 quod
220 2252 431 2309 succenseret
446 2242 573 2310 Poetae
587 2264 656 2310 non
673 2242 881 2311 erubescenti
903 2240 1034 2328 dicere,
1060 2262 1098 2309 se
1122 2243 1234 2314 malle
1353 2238 1356 2243 ’

103 2345 279 2415 libertinae
300 2344 438 2437 alicujus
459 2346 594 2414 virtutes
615 2368 756 2432 canere,
783 2367 886 2436 quam
904 2343 1076 2432 victorias,
1102 2345 1234 2475 quibus

35 2498 38 2507 -
104 2457 195 2518 totus
208 2457 373 2515 terrarum
390 2448 480 2516 orbis
496 2449 757 2567 obstupesceret

209 2548 376 2618 Utramvis
399 2550 501 2641 igitur
520 2551 689 2641 sequimur
708 2551 919 2636 sententiani,
958 2573 1027 2642 qua
1040 2549 1233 2642 Licymnia
1342 2546 1350 2593 *-

104 2651 163 2719 illa
174 2660 313 2743 putatur
329 2660 387 2719 aut
400 2651 605 2723 Maecenatis
624 2663 681 2721 aut
697 2654 829 2723 Horatii
842 2653 950 2722 amica
964 2654 1085 2741 luisse,
1113 2657 1233 2724 mani-

39 2764 44 2788 ¹
106 2755 230 2824 festum
255 2764 323 2839 est,
349 2778 429 2842 nos,
455 2767 627 2848 tamquam
653 2756 699 2824 ad
720 2758 911 2850 scopulos,
939 2756 985 2824 ad
1004 2759 1126 2826 multas
1148 2782 1231 2829 ma·
1341 2744 1346 2753 ¹

31 2866 36 2897 '¹
104 2881 257 2950 gnasque
273 2859 515 2929 adhaerescere
536 2861 758 2929 difficultates.
815 2860 915 2929 Hanc
929 2883 1043 2929 rerum
1056 2855 1232 2937 cicoma-

105 2961 189 3043 cr'or
204 2960 424 3030 vehementer
437 2965 540 3031 miror
553 2987 621 3031 non
635 2986 708 3032 esse
721 2964 924 3032 intellectam
944 2988 965 3033 a
979 2963 1231 3037 Vanderbour-

104 3065 181 3154 gio,
206 3065 279 3133 viro
300 3065 531 3153 eruditissimo.
584 3066 654 3150 Qui
670 3090 747 3137 curu
763 3089 843 3135 suae
869 3067 1050 3142 sententiae
1072 3070 1235 3159 patronis

106 3168 207 3236 etiam
229 3168 287 3237 Jo.
303 3169 351 3240 H.
366 3168 522 3238 Vossium
540 3179 713 3254 accenset,
739 3169 925 3238 admodum
946 3193 1081 3258 vereor,
1105 3194 1151 3240 ne
1176 3173 1231 3242 in·

106 3270 193 3338 scius
221 3271 256 3339 in
278 3270 435 3342 fraudem
455 3272 628 3344 *inciderit
701 3271 838 3343 Vossius
868 3273 957 3341 enirn
984 3274 1231 3368 interpretatus
1264 3330 1267 3337 .

105 3395 138 3447 v.
168 3371 229 3445 23.
432 3421 437 3440 .

156 3473 313 3547 Nc'tbmet
338 3476 389 3546 du
414 3478 488 3547 otte
512 3477 772 3549 Besitrtbttmer
791 3478 1033 3569 Aaronem,

161 3579 246 3648 Uad
269 3579 560 3676 Mygdoaiergut
581 3581 826 3676 phrygisclrer
850 3582 1079 3676 Segenscun,
1191 3612 1199 3619 ’

158 3681 253 3751 Zum
277 3683 413 3777 Ersatz
426 3683 499 3779 jair
523 3686 594 3753 dus
616 3683 726 3755 Huur
750 3686 866 3756 ddner
888 3680 1101 3778 Iaycmmua?
1178 3750 1184 3763 .

96 3782 142 3852 ·id
157 3785 261 3855 modo
275 3787 444 3876 declarat,
469 3787 632 3881 rejectam
644 3812 665 3856 a
678 3810 716 3858 se
729 3812 801 3858 esse
816 3790 997 3859 absurdam
1012 3812 1129 3858 eorum
1144 3793 1231 3884 opi-

106 3890 259 3978 nionem,
291 3892 349 3981 qui
367 3892 500 3960 Horatii
520 3893 670 3984 puellam
689 3901 834 3961 amatam
853 3894 910 3962 hic
931 3894 1094 3963 celebrari
1122 3904 1231 3966 autu-

106 4002 207 4064 mant.
257 3992 304 4060 Et
319 4016 388 4084 qno
407 3997 516 4064 verius
531 4004 599 4086 est,
625 3995 720 4086 quod
740 3995 1037 4090 Vanderbourgius
1060 3996 1105 4065 de
1121 3997 1219 4069 vos-

106 4094 155 4165 sio
172 4097 250 4165 vivo
266 4095 379 4164 adhuc
397 4106 431 4164 et
446 4107 569 4192 vegeto
585 4100 732 4191 scripsit:
759 4100 787 4168 il
806 4123 832 4168 a
850 4109 931 4193 trop
951 4101 1000 4169 de
1019 4106 1094 4169 tact
1115 4107 1152 4169 et
1175 4101 1232 4172 de

102 4194 299 4305 goaltpour·
310 4207 519 4297 eetromper
532 4223 576 4272 en
590 4202 930 4310 porcillematidre,
951 4204 1019 4275 boc
1031 4202 1237 4279 mirrusdua
