2768 4838
139 288 215 375 lto
379 308 433 359 uu
458 310 489 360 o.
515 309 688 359 urururo
715 308 859 359 causo
884 280 1045 361 rosus.

145 467 228 536 dum
241 486 380 552 vereor,
412 488 456 534 nc
471 465 576 535 Tullii
596 466 708 535 verbis
731 487 847 537 sensus
866 465 1062 558 subjiciatur
1078 464 1180 558 plane
1204 467 1267 534 ab-

145 569 294 639 surdus..
326 568 417 637 Nam
442 569 481 640 P.
509 570 679 662 Sulpicius
700 569 829 656 Rufus,
864 591 1011 639 summus
1046 593 1126 638 suae
1150 572 1268 637 nemis

146 680 276 760 orator,
302 662 453 760 quum‘al
469 671 514 744 U.
529 671 570 741 C.
585 671 673 741 666.
695 673 738 740 sit
752 680 867 759 nanas,
889 673 986 762 utqui
999 672 1034 740 in
1049 671 1144 740 Brut.
1162 695 1191 743 c.
1204 670 1267 740 88.

16 766 18 771 ’
145 775 266 845 decem
283 777 374 844 annis
390 774 499 866 major
515 774 645 844 dicatur
659 774 871 863 Hortensio,
886 798 990 865 quem
1013 798 1043 843 a
1060 774 1105 846 U.
1122 773 1163 845 C.
1180 772 1267 842 640.
1353 820 1359 829 -

145 878 291 971 primam
311 878 535 947 vitae-lucem
557 878 682 947 vidisse
707 886 855 963 constat,
886 901 929 961 ex
948 879 1011 946 ista
1027 877 1269 968 interpretandi

150 982 279 1050 ratiorm
301 990 515 1071 sequeretur,
558 981 601 1052 L.
628 981 805 1049 Sisennam
829 979 960 1050 circiter
986 1003 1018 1052 a.
1043 979 1087 1048 U.
1113 978 1155 1051 C.
1178 976 1267 1048 665.

147 1084 250 1152 fuisse
274 1092 399 1152 mtum.
458 1083 502 1151 ld
520 1091 559 1151 ut
581 1092 698 1152 contra
716 1083 878 1152 disemm
898 1082 1022 1173 Velleji
1043 1082 1270 1151 testimonium

54 1218 59 1225 ·
148 1185 393 1272 ebucedamns,
419 1186 550 1255 adeone
566 1186 766 1256 Ciceronem
780 1185 940 1254 credibile
964 1186 1210 1278 estineptiisse,
1231 1194 1271 1254 ut

89 1348 91 1361 .
148 1289 243 1379 quasi
255 1289 472 1358 mirabundus
493 1290 673 1376 semineret,
698 1290 874 1358 Sisennam
889 1290 977 1357 vitae
997 1289 1091 1356 anuis
1112 1310 1180 1356 non
1196 1308 1269 1379 po-

147 1392 249 1460 tuisse
265 1394 425 1482 consequi
442 1393 631 1483 Sulpicium
649 1401 730 1460 natu
751 1392 918 1483 majorem*
941 1400 976 1461 et
994 1413 1133 1459 necesse
1154 1391 1268 1479 luisse,

148 1493 285 1563 cederet
299 1502 409 1563 aetate
428 1494 610 1564 Hortensio
627 1503 707 1562 natu
721 1493 868 1562 minori?
918 1494 1047 1563 Verum
1064 1493 1155 1561 enim
1174 1516 1268 1581 vero,

148 1618 253 1687 quum
267 1595 390 1665 Cicero
405 1596 472 1685 hac
483 1598 517 1664 in
532 1606 703 1665 oratorum
714 1596 910 1665 recensione
924 1596 966 1666 L.
982 1596 1158 1665 Sisennam
1177 1596 1269 1665 dicat

146 1699 310 1769 inferioris
330 1700 446 1767 aetatis
466 1701 678 1791 proximum,
709 1699 923 1768 manifestum
943 1707 1010 1780 est,
1044 1721 1112 1767 non
1130 1708 1201 1766 tam
1223 1699 1269 1768 de

148 1803 282 1889 illorum
293 1803 387 1870 annis
402 1802 585 1889 natalibus,
611 1824 715 1892 quam
729 1803 773 1871 de
785 1802 961 1870 Romanae
976 1801 1186 1890 eloquentiae
1206 1824 1268 1871 ae-

147 1905 272 1973 tatibus
288 1903 345 1972 hic
365 1927 438 1973 esse
460 1905 694 1997 cogitandum,
719 1927 863 1994 quarum
884 1905 1028 1996 primam
1047 1903 1198 1974 videmus
1222 1907 1267 1973 ab

150 2029 192 2079 eo
208 2004 389 2075 mductam
404 2006 451 2074 ad
462 2006 543 2076 belli
554 2009 672 2077 Punici
692 2007 735 2076 ll.
752 2009 874 2094 finem,
899 2016 934 2075 et
953 2004 1135 2077 secundam
1151 2008 1268 2077 Sullae

151 2132 231 2178 cum
244 2109 373 2178 victore
389 2111 536 2178 exercitu
555 2110 590 2178 in
612 2110 743 2178 ltaliam
760 2109 873 2178 'reditu
892 2111 1102 2178 terminatam
1119 2133 1149 2180 a
1169 2110 1211 2179 V.
1226 2110 1267 2183 C.

151 2209 239 2281 672.
265 2234 335 2302 quo
350 2220 522 2305 tempore,
546 2221 585 2281 ut
603 2213 638 2281 in
657 2211 753 2280 Brut.
777 2235 807 2280 c.
822 2211 883 2281 66.
908 2213 1011 2294 tan,
1043 2212 1211 2304 quaedam
1232 2204 1272 2283 ni

152 2315 230 2385 foro
251 2324 323 2383 erat
343 2316 388 2383 ab
412 2315 599 2385 oratoribus
618 2315 782 2400 solitudo,
808 2338 886 2384 cum
905 2316 945 2412 P.
967 2315 1134 2407 Sulpicius
1155 2317 1268 2385 Rufius

151 2419 196 2486 ab
211 2417 306 2489 Sulla
321 2417 449 2486 reduce
464 2419 673 2511 proscriptus
687 2418 882 2506 occidisset,
908 2426 948 2486 et.
965 2420 1067 2487 ceteri
1088 2426 1146 2486 aut
1165 2420 1266 2488 abes-

151 2529 225 2590 sent
241 2522 326 2589 urbe
340 2529 398 2589 aut
413 2522 597 2613 contempti
603 2520 760 2612 jacerent
774 2530 809 2588 et
823 2531 984 2595 tacerent.
1035 2522 1153 2591 Tertia
1167 2520 1267 2590 deni-

76 2620 79 2625 ’
151 2646 217 2713 que
236 2624 448 2713 eloquentiae
472 2632 581 2711 actas,
607 2624 845 2692 excellentium
859 2621 1266 2709 orat'orurnieracissima,¹

148 2727 183 2794 in
203 2749 272 2814 qua
295 2725 417 2794 Cicero
439 2725 512 2818 ipse
535 2726 718 2819 regnabat,
751 2727 940 2819 principem
963 2727 1081 2795 habuit
1101 2750 1142 2796 ac
1162 2729 1267 2796 veluti

150 2827 336 2921 choragum
352 2829 396 2913 Q.
418 2828 654 2916 Hortensium,
684 2830 759 2920 qui,
791 2853 895 2922 quum
908 2830 1124 2923 ¹undeviginti
1145 2831 1267 2900 adole-

149 2954 246 3000 scens
267 2954 448 3018 annorum,
472 2930 515 3001 L.
528 2933 659 3002 Licinio
673 2931 814 3021 Crasso,
839 2940 972 3002 oratore
989 2933 1048 3001 illo
1065 2933 1172 3002 Caelii
1190 2935 1266 3004 An-

147 3035 260 3126 tipatri
275 3033 448 3127 disciplina
467 3034 614 3122 erudito,
641 3045 675 3103 et
688 3036 733 3120 Q.
749 3034 868 3105 Mucio
883 3037 1048 3106 Scaevola
1063 3035 1157 3104 Coss.
1174 3060 1203 3106 a.
1218 3037 1265 3107 U.

50 3218 59 3229 1
78 3220 82 3229 Ι
149 3135 189 3207 C.
212 3134 299 3208 656.
312 3137 348 3205 in
364 3136 508 3206 dicendo
522 3139 689 3229 posuisset
703 3139 907 3223 tirocinium,
930 3160 1017 3227 quo,
1037 3149 1076 3208 ut
1093 3137 1266 3215 Ciccmnis

146 3248 221 3309 utar
232 3241 361 3327 verbis,
387 3239 460 3332 ejus
474 3240 666 3332 ingenium,
690 3249 729 3310 ut
743 3240 885 3311 Phidiae
907 3241 1057 3332 signum,
1081 3242 1179 3312 simul
1199 3244 1266 3312 ad-

147 3352 301 3434 spectum
319 3351 354 3412 et
373 3343 556 3436 probatum
576 3353 643 3432 est,
656 3344 703 3425 „in
724 3343 793 3415 hoc
814 3344 1057 3433 eloquentium,
1083 3368 1169 3436 qnos
1191 3348 1265 3418 La-

145 3446 230 3513 tium
250 3446 390 3532 tederet,
414 3445 588 3515 hominum
611 3468 715 3515 censu
739 3470 760 3514 a
784 3446 950 3517 Cicerone
974 3470 1052 3516 curn
1076 3452 1263 3518 oratorib'us

98 3552 110 3570 '
146 3545 287 3638 disparis
302 3548 416 3617 aetatis
431 3558 504 3617 erat
517 3549 778 3642 componendus.
831 3551 988 3620 Natalem
1000 3553 1090 3620 enim
1106 3553 1150 3637 Q.
1168 3552 1262 3620 Hor-

144 3651 241 3718 tensii
260 3652 382 3720 annum
404 3652 634 3743 primamque,
668 3676 770 3744 quam
789 3652 831 3721 in'
847 3655 924 3724 foro
945 3655 1044 3743 dixit,
1076 3677 1211 3723 causam
1233 3654 1262 3722 si

145 3760 296 3843 spectas,
321 3749 490 3824 secundae
504 3756 561 3824 ille
582 3758 698 3825 aetatis
719 3758 946 3827 accensendus
969 3767 1041 3827 erat
1064 3756 1261 3849 oratoribus,

144 3876 289 3943 quorum
309 3880 432 3948 agmen
453 3858 632 3928 claudebat
651 3861 689 3929 P.
709 3859 876 3952 Sulpicius
888 3861 1017 3942 Rufius3
1037 3859 1071 3925 si
1089 3879 1171 3926 vero
1191 3859 1261 3927 sin-

25 3988 31 4005 .
143 3953 297 4047 fflmem
312 3958 384 4050 ejus
400 3961 433 4028 in
447 3961 594 4031 dicendo
607 3964 762 4033 virtutem
784 3986 824 4032 ac
840 3965 1034 4033 facultatem
1048 3968 1200 4050 ⁸P0⁰i³⁸s
1226 3962 1261 4028 l¹¹

143 4057 484 4151 tertia'rc'ioquentiae
500 4074 610 4134 aetate
630 4067 791 4135 familiam
812 4066 976 4152 ducebat,
1014 4063 1260 4154 quamvisjam

36 4232 41 4241 ,
143 4163 307 4253 superiori
331 4165 519 4236 eminuisset
543 4174 662 4240 aetate.
733 4169 832 4239 Hanc
850 4170 954 4262 igitur
972 4167 1261 4257 rationemquum

77 4270 80 4277 “
142 4262 297 4337 Ciceroni
310 4268 463 4389 platqrps
477 4272 593 4363 sequi,
615 4273 763 4341 scribere
773 4280 924 4365 poterat,
950 4269 1175 4381 sellortensii
1196 4294 1261 4341 ae-
