2768 4838
169 292 248 366 124
410 314 466 365 na
491 285 523 364 e.
550 268 723 364 arcario
748 313 890 413 onero
914 311 1071 361 roera.

167 466 303 536 delectu
316 472 351 536 et
363 464 530 587 periodis
527 462 617 533 ad
589 464 746 534 circinum
768 398 843 533 lere
862 459 1097 530 circumductis
1115 469 1150 532 ct
1173 463 1287 533 curio-

84 592 88 602 ·
167 572 236 639 sius
248 570 445 655 elaboratis,
470 568 617 660 insignes
633 576 744 655 erant,
770 567 855 634 alins
876 567 1066 658 plauserat
1086 576 1120 632 et
1136 556 1307 637 diversus

166 673 203 741 in
215 672 399 764 poematis,
424 673 565 762 quibus,
589 693 658 761 qua
669 669 788 739 vixerit
800 677 925 755 aetate,
941 669 1127 736 luculenter
1143 669 1286 739 demon·

166 783 260 844 strat
318 774 405 843 Erat
423 775 513 844 enirn
530 774 617 842 illius
639 774 754 842 aetabs
774 780 953 865 poetarum
973 772 1150 864 proprium
1171 775 1288 842 vitium

166 876 283 946 nescio
298 877 408 945 dicam
428 874 656 964 eustadium,
681 884 737 964 nt,
762 873 857 964 quod
870 875 1008 943 Latinus
1028 897 1139 944 sermo
1160 876 1195 944 in
1209 877 1288 946 foro

99 991 102 995 ’
160 978 238 1072 jam
250 980 414 1049 asciverat
427 980 521 1048 virile
534 979 657 1065 robur,
681 979 716 1046 in
736 977 886 1046 versibus
905 977 1102 1069 frangerent
1116 1001 1195 1048 cum
1214 981 1287 1050 aliis

165 1083 285 1168 rebus,
310 1092 383 1151 tum
407 1082 570 1175 imprimis
595 1080 764 1171 frebmmi
784 1080 1074 1151 Dominutirornm
1095 1103 1178 1170 usu,
1215 1106 1287 1174 quo

166 1193 300 1253 tantuna
319 1184 455 1271 aberat,
478 1183 517 1253 ut
538 1185 740 1253 carminibus
762 1183 965 1275 elegantiam
986 1184 1217 1275 conciliarent,
1248 1197 1287 1257 ut

163 1288 206 1357 iis
220 1288 400 1357 molestam
410 1287 594 1377 quamdam
605 1297 640 1355 et
655 1287 775 1355 duram
787 1286 953 1355 adderent
965 1285 1170 1373 scabritiem,
1198 1312 1287 1380 quae

164 1389 311 1481 Augusti
319 1389 463 1461 'dmum
483 1398 593 1459 aetate
607 1388 739 1459 Horatii
760 1389 913 1459 acumine
928 1398 963 1459 et
978 1388 1108 1482 Virg‘lii
1128 1400 1201 1459 arte
1221 1391 1286 1461 de-

165 1501 254 1561 tersa
268 1502 335 1581 est,
359 1493 408 1565 ita
420 1502 460 1561 ut
471 1490 671 1580 Maecenas,
697 1514 801 1583 quem
820 1501 950 1561 constat
968 1491 1203 1585 hujuscemodi
1226 1518 1287 1564 ca-

162 1596 321 1665 lamistris
340 1605 520 1686 utrumque
546 1594 705 1665 orationis
729 1617 838 1687 genus
858 1595 1031 1683 inussisse,
1063 1597 1108 1665 ab
1132 1599 1286 1669 omuibus

163 1697 387 1767 derideretur.
436 1699 540 1767 letam
554 1699 657 1790 igitur
672 1697 829 1783 orationis
850 1698 1065 1789 asperitatem
1086 1708 1121 1769 et
1140 1702 1286 1792 antiqui-

165 1803 242 1871 tatis
260 1802 537 1894 rigerem··-qunm
556 1801 721 1871 referrent
736 1809 897 1893 poemata
918 1800 1032 1889 Calvi,
1058 1826 1127 1871 non
1147 1805 1285 1874 mirabi-

164 1926 258 1989 mur,
284 1904 569 1995 qaodHoratius‚
596 1927 715 1976 cascae
727 1905 819 1976 istius
832 1904 1034 1994 antiquitatis
1047 1928 1127 1975 osor
1138 1906 1286 1997 ideoque

164 2006 320 2076 acerbior
334 2017 487 2077 veterum
503 2015 683 2099 poetarum
696 2007 823 2100 judex,
848 2007 894 2077 de
917 2006 990 2099 ejus
1012 2010 1177 2101 poematis
1199 2032 1284 2078 con·

164 2111 320 2202 temptim
334 2113 463 2199 statuit,
489 2133 635 2201 eumque
650 2133 729 2179 curn
746 2110 879 2179 Catullo
894 2113 1098 2202 composuit,
1126 2136 1212 2202 quos
1230 2114 1285 2181 in-

163 2221 217 2282 ter
228 2221 319 2283 tanta
342 2237 385 2283 eo
405 2216 441 2283 in
465 2236 593 2307 genere
616 2214 748 2283 videtur
767 2213 992 2281 intercessisse
1015 2215 1210 2305 similitudo,
1236 2227 1285 2304 ut,

77 2350 82 2371 ι
164 2317 294 2385 etiamsi
309 2317 406 2403 nobis
424 2317 472 2387 de
487 2317 584 2387 Calai
605 2325 717 2386 aetate
734 2316 818 2385 nihil
835 2338 972 2408 prorsus
994 2327 1180 2405 constaret,
1206 2342 1285 2387 eum

161 2428 278 2489 ιιιιιοιι
304 2418 429 2489 Catrdli
444 2420 553 2495 fusse
575 2420 766 2509 aequalem,
805 2420 861 2489 vel
882 2442 924 2488 ex
940 2420 1080 2491 residuis
1101 2422 1285 2541 carminum

163 2523 360 2619 fragmentis
372 2523 560 2617 intelligere
574 2531 611 2592 et
620 2523 770 2616 probare
786 2542 975 2617 possemus.

520 2701 523 2708 '
741 2691 777 2767 9.

265 2824 461 2901 Mirabilem
480 2788 586 2927 porro
607 2688 823 2924 atriisque
800 2841 926 2925 poetae
953 2832 1200 2903 similitudinem
1220 2831 1284 2901 de-

166 2926 614 3023 prehendoincarminum,
640 2959 729 3027 quae
741 2937 964 3029 scripserunt,
988 2936 1168 3030 generibus
1183 2945 1285 3024 atque

168 3035 387 3127 argumentis.
437 3040 546 3128 Nam,
570 3049 620 3109 nt
623 3039 839 3127 Catullus,
814 3063 862 3109 sro
876 3041 976 3109 etiam
991 3038 1115 3106 Calvus
1129 3038 1286 3107 breviora

162 3135 271 3205 modo
282 3148 442 3230 poemata
458 3144 595 3236 ingenio
609 3142 727 3212 lusisse
740 3150 776 3209 et
797 3141 841 3209 ab
861 3149 1061 3232 argumento
1078 3141 1222 3232 longiori
1243 3164 1285 3208 ac

163 3240 340 3329 continuo,
376 3245 477 3335 quale
505 3247 625 3317 fuisset
644 3244 820 3314 heroicum
841 3253 898 3312 aut
927 3243 1147 3331 didacticum,
1179 3244 1285 3331 absti-

161 3343 275 3412 nuisse
290 3343 375 3415 milri
390 3348 531 3422 videtur.
582 3348 769 3437 Utriusque
785 3347 977 3437 exemplum
995 3349 1111 3416 seriori
1129 3357 1285 3438 tempore

159 3446 347 3516 aemulatus
363 3459 414 3520 est
431 3450 565 3521 Sentim
585 3450 797 3543 Augurinus,
824 3450 899 3541 qui,
923 3458 1011 3521 teste
1030 3451 1139 3523 Plinio
1159 3449 1201 3519 L.
1221 3448 1281 3517 lv.
1319 3522 1322 3531 ,

160 3568 219 3641 ep.
233 3547 296 3619 27.
311 3544 347 3645 5.
361 3551 398 3628 d.
417 3553 462 3623 de
474 3555 540 3624 suis
553 3553 731 3645 poematiis
746 3554 809 3623 ita:

269 3650 385 3726 doato
406 3657 574 3729 camina
597 3654 756 3725 barabas
779 3655 933 3743 minatis,

263 3752 355 3844 His,
380 3761 466 3831 olim
489 3756 614 3853 quidus
639 3764 674 3828 et
697 3780 798 3830 messe
825 3758 1001 3845 wotos,

244 3854 319 3926 m
346 3860 479 3934 Catone
501 3870 713 3954 ueteresque.

161 3914 222 4023 nbi
238 3958 389 4033 minoas
408 3988 532 4037 ocrem
547 3966 603 4035 rel
616 3966 661 4034 de
674 3964 954 4059 Epigrammata,
980 3959 1035 4028 vel
1056 3946 1201 4047 idylliis,
1225 3956 1283 4025 vel

158 4056 322 4154 Eulogo,
353 4068 409 4136 sel
439 4068 744 4160 Hendecasyllabis
773 4067 1015 4159 intelligemus,
1046 4062 1167 4150 quibus
1194 4083 1283 4151 poe-

159 4168 288 4232 matum
305 4171 486 4259 generibus
501 4171 686 4263 ejusmodi'
676 4171 802 4264 mgenir
791 4172 908 4243 lusus
923 4190 983 4237 seu
999 4187 1108 4256 nugas
1122 4186 1283 4255 compre-

159 4262 415 4341 headitl’linius
429 4272 506 4343 Lib.
522 4274 581 4345 lv.
595 4274 737 4367 epistola
751 4272 813 4341 14.
826 4269 865 4384 5
878 4269 925 4357 9.,
950 4270 1067 4358 inqua
1082 4289 1119 4335 se
1133 4268 1282 4335 Paterno
