2768 4838
281 318 284 324 ’
359 337 1007 401 naaunavroorrraroaru.
1172 323 1252 400 195
1311 344 1313 349 ·

127 490 177 563 sic
200 486 357 557 adfemnt
385 488 575 581 Gyraldus‚
610 490 768 579 Grotius,
799 490 1114 587 Barthins‘aliiqne.
1176 497 1252 570 Sed

128 599 273 667 alterum
289 595 453 688 probatur
469 617 489 664 e
504 596 612 665 Statio
626 594 703 664 Lib.
723 595 782 667 IV.
801 597 896 688 Sylv.
922 595 957 670 6.
979 597 1041 669 25.
1092 599 1165 671 Hic
1187 602 1253 672 tibi
1278 656 1279 660 =

129 720 223 794 puae
236 698 342 767 docto
355 699 504 768 muttum
517 698 674 790 vigilata
688 697 832 789 Myroni
836 727 852 790 ‚-
877 701 970 791 qaod
984 723 1026 772 ex
1040 700 1108 771 hoc
1122 704 1251 776 Cinnam
1266 734 1269 739 ·

96 886 101 895 Ι
129 805 208 875 loco
226 803 389 870 imitatum
405 825 478 870 esse
490 802 669 894 Papinium
681 811 774 892 recte
789 812 883 871 notat
896 803 1129 877 Marklandus.
1154 809 1253 879 laem

131 907 255 978 Statius
277 926 389 997 prope
402 905 506 972 finem
524 904 739 975 Thebaidos:
770 905 805 976 0
826 906 914 976 mihi
931 906 1084 978 bissenos
1102 912 1253 982 multum

100 1074 102 1083 .
129 1007 289 1103 uigilata
304 1030 377 1101 per
398 1030 507 1076 uanos
525 1007 678 1078 thebais
704 1008 861 1101 Virgilius
880 1010 916 1078 in
940 1011 1009 1080 Ciri
1028 1034 1059 1083 v.
1081 1011 1143 1084 46.
1179 1014 1253 1086 Ae'-

131 1114 212 1206 cipe
226 1110 323 1183 dona
337 1118 415 1193 meo
428 1112 577 1179 maltum
590 1112 747 1204 vigilata
768 1111 901 1184 labore.
951 1113 1049 1183 Haec
1067 1112 1253 1187 Burman·

129 1238 206 1286 uus.
231 1255 283 1270 -
309 1214 531 1283 Blomfieldus
549 1216 583 1282 in
597 1216 675 1283 Not.
690 1215 736 1282 ad
754 1213 951 1283 Callimachi
960 1217 1082 1309 Epigr.
1093 1217 1252 1292 xxvlss.

83 1324 89 1336 “
130 1342 163 1390 v.
179 1317 215 1387 4.
228 1342 264 1411 p.
280 1315 366 1395 152.
383 1319 563 1408 existimat,
588 1317 749 1387 Heluium
764 1316 906 1387 Cinnam
927 1320 1128 1416 expressisse
1146 1320 1253 1392 Galli·

130 1424 242 1493 machi
265 1422 384 1489 verba:
418 1418 564 1512 χαίρετε
596 1419 725 1495 λεπταὶ
757 1414 895 1515 ῥήσιες,
926 1416 1091 1518 'Actiaco
1123 1416 1254 1517 odyyo·

131 1552 192 1600 uos
217 1521 422 1621 α’γρυπνίης.
489 1524 598 1620 Recte
621 1522 834 1593 Burmannus
853 1524 1011 1617 vigilata
1034 1525 1167 1618 scripsit
1187 1549 1253 1620 pro

131 1627 336 1721 invigilata,
353 1626 447 1717 quod
462 1625 562 1695 etiam
575 1626 770 1719 Stephanus
784 1626 906 1712 habet3
927 1628 973 1696 ita
984 1626 1085 1697 Ouid.
1094 1627 1185 1698 Fast
1194 1629 1253 1700 lll.

133 1729 220 1801 loa.
246 1729 438 1823 vigilatum
454 1752 616 1817 cutmen,
640 1730 700 1798 ubi
713 1730 756 1798 N.
773 1729 928 1799 Heinsius
944 1730 1037 1799 hunc
1054 1729 1183 1802 Cinnae
1199 1733 1259 1814 loq

90 1908 95 1924 Ι
133 1857 211 1903 enm
224 1834 356 1923 aliaque
367 1835 493 1901 attulit:
519 1831 610 1901 adde
623 1831 779 1905 Juvenal
790 1832 865 1900 vll.
880 1856 911 1902 r.
921 1832 980 1902 27.
996 1833 1155 1927 rdgiluta
1168 1857 1255 1906 cur-
1369 1860 1373 1866 ’

131 1938 240 2007 mirum
267 1939 348 2026 ibiq.
362 1936 508 2029 Ruperti
524 1936 568 2004 Τ.
581 1936 625 2002 11.
641 1958 677 2027 p.
693 1935 779 2004 4⁰0.
795 1935 849 2004 ed.
866 1934 901 2004 2.
937 1933 977 2008 0.
1000 1935 1159 2006 Barthins
1175 1938 1267 2032 opi-.
1291 1956 1293 1960 ’

49 2128 52 2144 Ι
131 2050 249 2131 natur,
277 2040 418 2110 Cinnam
434 2032 553 2108 in'hoc
567 2038 824 2132 Epigrammata
837 2038 930 2129 loqui
953 2037 997 2108 de
1011 2061 1073 2108 sua
1083 2041 1179 2110 Arati
1199 2041 1255 2111 in·

132 2146 370 2236 terpretatione
386 2143 524 2230 Latina,
551 2166 652 2232 quam
669 2164 817 2234 peregre
832 2141 968 2211 veniens
983 2163 1044 2212 suo
1058 2144 1168 2213 amico
1187 2155 1255 2238 pro'

131 2244 341 2319 munusculo'
352 2247 507 2316 attulerit.
552 2245 658 2313 Haec
684 2246 833 2337 opinatio
858 2267 971 2334 neque
993 2245 1128 2314 aliunde
1147 2244 1255 2317 habet
1283 2333 1287 2340 Ι

133 2351 260 2443 aliquid
287 2351 487 2419 firmamenti
508 2371 620 2438 neque
644 2349 825 2416 verborum
850 2367 948 2416 seusu
973 2346 1152 2432 stabilitur3
1184 2348 1256 2420 imo

132 2477 214 2524 vero
236 2455 264 2522 si
285 2455 342 2523 illa
366 2455 488 2522 verba:
528 2451 703 2521 Arataeis
726 2451 884 2546 vigilata
899 2449 1060 2542 ¹lucernis
1090 2452 1256 2522 carnum

134 2556 277 2627 eandem
297 2559 364 2625 vim
388 2557 571 2640 habereut,
607 2579 710 2646 quam
730 2554 903 2629 «luvenalis
923 2553 957 2649 l.
979 2576 1011 2622 r.
1034 2547 1097 2624 5-1.
1148 2553 1255 2626 Haeo
1301 2587 1305 2593 ·

134 2683 205 2754 ego
227 2683 295 2728 uon
323 2661 473 2730 credam
504 2657 680 2726 Venusino
711 2658 830 2750 digna
858 2656 1005 2756 tacetfuu
1026 2655 1048 2724 i.
1073 2679 1104 2726 e.
1132 2656 1255 2751 Satira,

133 2765 269 2855 qualem
289 2764 457 2831 ·Horatius
487 2761 634 2852 scripsit,
683 2767 880 2850 sequeretur
905 2782 1043 2829 necesse
1074 2759 1178 2852 alsat,
1216 2770 1256 2832 ut
1350 2834 1357 2853 ,

135 2869 243 2938 Cinna
258 2866 369 2956 idem,
387 2866 481 2956 quod
495 2867 636 2950 Aratus,
654 2871 889 2955 argumentum
904 2860 1055 2931 versibus
1071 2873 1159 2932 esset
1171 2887 1256 2956 per·

53 2981 76 3016 '·
134 2979 266 3042 secutus
282 2969 386 3060 idque
400 2990 535 3037 carmen
548 2967 657 3034 amieo
677 2966 808 3034 muneri
823 2965 981 3035 misisset:
1007 2968 1204 3059 praesertim
1227 2965 1255 3035 si
1309 2985 1310 2989 ’

133 3098 215 3144 vera
233 3084 322 3143 esset
343 3075 442 3142 lectio
462 3069 654 3164 movimus2
677 3069 721 3139 de
742 3093 810 3161 qua
831 3091 920 3138 nune
940 3069 1172 3138 Burmaunum
1191 3091 1257 3138 au·
1358 3079 1359 3083 ’

135 3178 275 3248 diurnus.

237 3306 269 3351 v.
297 3279 339 3349 2.
385 3278 424 3348 ln
437 3286 568 3347 vetusto
583 3275 702 3346 Isidori
719 3273 806 3347 cod.
822 3271 891 3342 Ms.
915 3293 1009 3366 quae
1030 3273 1135 3367 ignes
1154 3270 1256 3342 novt

134 3376 214 3458 mus
227 3391 368 3454 aereos:
393 3384 436 3451 al.
453 3403 546 3474 qaue
559 3378 844 3474 siguisaovimus
864 3377 980 3446 atriis.
1033 3374 1208 3468 Gyraldus
1220 3382 1256 3445 et

138 3491 276 3561 Grotius
291 3488 462 3556 adierunt:
488 3485 566 3577 quis
577 3484 736 3552 novimus
749 3480 941 3550 aethereos.
966 3479 1008 3549 In
1021 3477 1153 3550 duobus
1167 3478 1254 3564 Mss.

135 3595 293 3664 Leideus.
311 3601 345 3661 et
360 3591 415 3661 ed.
431 3589 522 3658 Scal.
537 3588 636 3656 etiam
652 3597 702 3655 est
716 3585 875 3653 novimus
890 3583 1016 3652 uerius
1069 3581 1141 3651 Sed
1161 3590 1255 3650 recte
1342 3663 1344 3668 λ

135 3698 306 3768 movimus
330 3693 437 3764 edidit
458 3691 638 3776 Pithoeus,
668 3689 772 3778 idque
798 3687 946 3779 praefert
966 3682 1142 3771 Barthius,
1174 3682 1255 3777 qnia

86 3831 88 3839 ¹
136 3790 326 3871 versionem
338 3797 432 3867 Arati
446 3818 467 3863 a
481 3818 518 3863 se
534 3789 658 3862 factam
671 3792 795 3860 indicat
813 3800 847 3859 et
866 3810 1007 3858 moveoe
1021 3787 1194 3879 poeticum
1212 3788 1255 3858 sit

70 3908 73 3917 '
136 3904 441 3999 prodecautare,
470 3907 509 3964 ut
529 3897 564 3965 in
584 3897 642 3964 illo
664 3892 794 3986 Virgilii
816 3892 889 3962 Vll.
909 3884 996 3960 Aen.
1018 3886 1079 3960 45.
1130 3886 1262 3983 Muy‘ua'
1360 3954 1362 3958 ,

137 4030 226 4100 opas
239 4028 379 4076 moveo:
402 4005 450 4071 ita
465 4025 521 4091 ap.
538 3997 639 4068 Ovid.
657 3997 769 4090 Epist:
792 3994 865 4067 Vll.
888 3993 924 4063 4.
982 3989 1095 4078 Νοε,1
1111 3995 1197 4085 quia
1218 4000 1262 4063 te·
1283 4055 1286 4069 ,
1308 4045 1321 4055 .
1365 4008 1367 4014 ·

136 4119 258 4180 uestra
278 4129 419 4202 merem
434 4125 545 4199 prece
561 4124 668 4194 posse
688 4099 838 4183 moveri,
863 4098 1068 4189 Adloquor,
1100 4096 1254 4166 aduerso

136 4215 308 4284 movimm
321 4215 392 4281 istu
406 4212 492 4281 cleo:
515 4208 575 4276 ubi
594 4207 628 4275 in
649 4203 734 4275 Mss.
756 4203 857 4272 etiam
878 4201 1053 4286 novimus,
1079 4198 1141 4268 sed
1160 4208 1253 4267 recte
