2768 4838
124 292 179 368 oo
433 314 495 365 uu
524 312 730 366 -ιιιιιιο
768 312 950 364 noune.

127 467 247 560 Vossii,
264 464 323 559 qui
337 457 551 556 caeteroquin
564 463 648 533 nihil
660 463 801 549 dubitat,
822 463 903 556 quin
914 462 1001 535 haec
1015 460 1121 530 verba
1129 461 1249 531 Laevii

142 574 153 592 ’
126 581 201 645 sunu
269 570 385 640 Nihilo
409 578 525 639 tamen
544 569 651 637 secius
679 566 761 635 huic
778 566 988 661 Fragmenta
1014 567 1101 635 inter
1128 566 1249 635 Naevii

126 672 396 769 Tragoediarurn
415 671 589 765 Reliquias
613 670 728 738 locum
747 669 841 739 dedit
860 670 1006 745 Bothius
1027 669 1079 742 P.
1091 668 1148 737 Sc.
1169 668 1247 737 Lat.

13 846 16 853 .
125 778 257 849 vruv
270 777 310 845 P.
323 776 399 894 [Ρ.
415 772 477 845 83.
497 796 605 867 eaque
623 772 729 843 rerba
748 774 794 842 nd
813 772 1063 917 Tetrametrum
1076 770 1248 842 Trachei-

125 904 204 951 cum
219 878 425 951 reduxitsicz
543 924 546 929 ψ

666 976 824 1071 Corpore
842 906 1070 1085 pectoreque

283 1080 447 1176 Undique
471 1077 595 1165 obeso,
620 1100 667 1148 nc
690 1088 995 1169 merrtcenseasn,
1013 1077 1250 1193 tardigenuclo

537 1181 634 1250 senio
658 1205 887 1279 oppressum,-

126 1296 162 1359 et
174 1288 321 1375 dubitat,
347 1287 449 1372 sitne,
473 1292 512 1353 ιιι
523 1294 642 1352 metro
648 1288 854 1375 consulatur,
887 1282 1104 1354 scribendum
1121 1289 1252 1375 pecto·

19 1407 23 1411 ’
126 1393 244 1483 rique,
276 1391 362 1458 sicut
371 1385 517 1482 surturi
535 1407 601 1477 pre
612 1384 766 1482 forfice-e
786 1413 841 1482 ap.
861 1390 1036 1474 Plautum,
1062 1409 1107 1455 an
1125 1385 1251 1477 penul-
1303 1414 1306 1419 ⁴

127 1495 207 1562 tima
218 1494 311 1561 vocis
326 1491 371 1560 ob
386 1513 455 1579 seq.
471 1488 656 1557 encliticam
669 1512 738 1582 que
747 1491 965 1583 producatur.
989 1489 1044 1560 Do
1056 1488 1253 1580 promiscua

126 1597 183 1664 illa
202 1595 313 1664 Datiui
334 1602 370 1661 et
388 1590 541 1661 ¹Ablntivi
562 1613 616 1680 ap.
638 1602 769 1662 veteres
789 1594 928 1663 Latinos
948 1592 1076 1680 forma,
1114 1598 1253 1682 praeter
1328 1602 1331 1608 “

127 1699 265 1765 aliatum
278 1718 300 1764 a
311 1693 436 1783 Bothio
451 1690 626 1761 osannam
638 1693 673 1763 in
686 1696 783 1764 Anat.
799 1695 880 1766 cria
894 1718 930 1788 Ρ.
947 1692 1044 1782 123„
1061 1714 1251 1785 exposuere

126 1799 376 1870 Lindemannus
389 1795 435 1863 ad
447 1795 558 1881 Plauti
573 1793 705 1887 captiv.
719 1797 776 1869 IV.
791 1796 827 1870 2.
842 1797 903 1866 2‘t.
917 1818 952 1890 p.
966 1793 1040 1883 75„
1052 1794 1249 1869 Huschkius

127 1901 173 1970 nd
187 1900 313 1969 Tibull.
328 1899 354 1968 l.
371 1897 405 1968 l.
422 1896 483 1967 12.
498 1921 535 1990 p.
549 1894 609 1968 36.
623 1909 659 1969 et
678 1900 830 1970 Strauius
851 1900 937 1969 Ueb.
952 1899 1034 1968 Lat.
1052 1898 1189 1967 Dedin.
1214 1922 1250 1967 u.

132 1998 227 2094 Cani.
241 2026 277 2094 p.
292 2000 352 2069 28.
366 2002 410 2069 N.
424 1998 460 2068 4.
510 2000 597 2068 ltem
609 1999 752 2072 Bothius
769 2005 949 2096 probatam
963 1992 1026 2071 sibi
1046 2001 1157 2070 Vossii
1178 2002 1250 2071 sive

127 2106 241 2199 potius
253 2104 298 2173 Η
313 2101 479 2196 Stephani
497 2102 741 2174 correctionem
753 2106 984 2199 tardigeaulo
997 2106 1137 2197 recepit
1178 2105 1251 2174 Sed

128 2208 221 2301 vulg.
235 2201 498 2300 turdimulo,
534 2205 629 2296 quod
641 2209 676 2278 in
690 2208 777 2278 Cod.
793 2209 944 2301 Guclph,
966 2210 1065 2277 ctiam
1077 2218 1253 2299 repertum

48 2302 54 2315 ’
130 2312 244 2382 denuo
263 2332 374 2403 nuper
391 2311 426 2379 in
449 2309 598 2380 Gellium
614 2313 785 2393 revocavit
804 2314 910 2397 Lien,
935 2311 1167 2398 Hermannus,
1192 2315 1251 2403 qui

129 2416 164 2483 in
175 2415 314 2484 Dissert
329 2404 363 2482 d.
378 2412 547 2505 Euripidis
561 2412 731 2483 Alcestide
750 2438 786 2507 Ρ.
799 2415 913 2485 xvffl
928 2438 978 2504 sq.
995 2415 1104 2507 (Lips
1122 2415 1251 2507 182⁴.)

129 2527 239 2588 tntum
252 2515 352 2585 Gellii
366 2516 479 2584 locum
491 2516 634 2606 egregie
646 2519 816 2606 tractavit,
837 2519 885 2586 ita
897 2528 948 2586 est
963 2517 1080 2603 tuitus,
1106 2528 1144 2586 ut
1158 2521 1252 2590 Lae-

131 2621 176 2690 vii
187 2621 293 2690 rerba
306 2619 352 2688 ad
363 2619 594 2713 anapaesticus
606 2630 765 2689 revocata
777 2643 892 2689 versus
906 2620 1083 2693 scriberetz

508 2719 668 2814 Corpore
685 2731 901 2817 pectoreque
1052 2762 1056 2769 ·

291 2821 454 2915 Undiqrce
477 2821 582 2893 obesa
595 2848 653 2896 uc
661 2834 790 2897 -·mcnte
815 2846 965 2896 ecsemn

290 2925 572 3019 Turdiagemuto
604 2930 700 2999 senio
725 2951 940 3024 oppressum.

133 3052 220 3123 qnae
234 3029 373 3120 quidem
385 3029 491 3097 verba
503 3030 547 3097 de
561 3030 725 3120 Pherete,
744 3034 881 3104 Achaeti
892 3041 991 3171 patre
1005 3052 1101 3119 sene,
1117 3030 1252 3122 scripta

134 3157 208 3203 esse
220 3132 455 3226 peringeniose
469 3134 654 3224 suspicatus
669 3146 728 3205 est

235 3236 316 3306 darn
335 3236 485 3322 fuemut,
518 3236 576 3326 qui
595 3237 670 3329 ipsc
689 3240 781 3327 iilius
797 3239 950 3309 canninis
970 3237 1105 3311 nomine
1125 3234 1254 3304 inducti

134 3339 260 3408 Laevii
280 3339 439 3408 Alcestin
466 3339 698 3430 Tragoediam
719 3341 827 3410 fuisse
854 3343 1093 3410 existimarent:
1136 3339 1186 3406 in.
1199 3338 1253 3406 his

134 3442 209 3511 dos.
226 3443 395 3535 Scaliger,
422 3441 480 3531 qui
498 3442 532 3509 in
552 3440 705 3535 Cnnject„
719 3466 800 3535 pag.
826 3441 909 3513 185.
924 3447 999 3514 vol.
1022 3436 1066 3513 ll:
1079 3442 1252 3535 Rip-sqq.

135 3546 228 3614 illum
241 3545 353 3614 locum
368 3545 507 3613 ductum
527 3566 601 3614 esse
621 3547 820 3638 opinabatur
833 3571 876 3616 ex
895 3548 1065 3640 Euripidis
1080 3544 1253 3615 Alcestide

136 3670 167 3717 ι.
191 3642 267 3716 915
281 3672 373 3738 sqq.,
399 3647 495 3740 cujus
514 3647 664 3716 fabulam
684 3673 706 3717 a
724 3650 871 3737 Naevio,
903 3674 1005 3743 quem
1027 3673 1105 3717 cum
1124 3650 1254 3719 Laenio

137 3749 326 3838 contundit,
351 3750 471 3820 Latine
486 3772 682 3823 conversam
702 3761 808 3844 putat
860 3753 933 3823 Sed
951 3754 1120 3823 verissimo
1139 3762 1256 3821 monet

59 3934 61 3940 Ι
135 3852 307 3944 Langius
297 3874 333 3922 ιιι
352 3854 481 3925 Vindic.
494 3828 668 3946 Tragoed
682 3856 783 3924 Rom.
803 3879 839 3947 Ρ.
854 3853 943 3948 usq.
980 3857 1144 3925 Laeuium
1164 3855 1255 3941 ideo,
1306 3902 1310 3949 t

137 3954 278 4075 quod
246 3977 318 4051 eJus
332 3957 474 4025 Alcestis
496 3967 718 4045 memoretur,
742 3958 908 4029 immerito
922 3960 1042 4030 referri
1063 3959 1149 4026 inter
1162 3959 1254 4026 Tra

137 4058 248 4152 gnos,
275 4080 354 4126 cum
381 4058 465 4128 iilud
489 4082 657 4129 carmena
674 4062 804 4154 tragica
822 4064 997 4132 severitate
1019 4062 1256 4131 alienissimum

137 4160 251 4247 fuisse,
280 4146 353 4251 ipsa
373 4185 428 4253 ap.
444 4160 592 4230 Gellium
604 4163 808 4255 Fragmenta
826 4166 979 4235 doceant
1033 4165 1097 4234 Cui
1119 4164 1257 4257 quidem

137 4264 206 4335 Viri
226 4263 437 4336 eruditissimi
456 4263 591 4360 judicio
609 4268 767 4358 equidem
792 4291 931 4364 prorsus
951 4270 1130 4352 ascenden
1168 4292 1256 4361 quae
