<?xml version="1.0" encoding="UTF-8"?>
<!DOCTYPE html PUBLIC "-//W3C//DTD XHTML 1.0 Transitional//EN"
    "http://www.w3.org/TR/xhtml1/DTD/xhtml1-transitional.dtd">
<html xmlns="http://www.w3.org/1999/xhtml" xml:lang="en" lang="en">
 <head>
  <title>
</title>
<meta http-equiv="Content-Type" content="text/html;charset=utf-8" />
  <meta name='ocr-system' content='tesseract 3.04.00' />
  <meta name='ocr-capabilities' content='ocr_page ocr_carea ocr_par ocr_line ocrx_word'/>
</head>
<body>
  <div class='ocr_page' id='page_1' title='image "./poetarumlatinor01weicgoog_0270.png"; bbox 0 0 2768 4838; ppageno 0'>
   <div class='ocr_carea' id='block_1_1' title="bbox 364 264 1318 345">
    <p class='ocr_par' dir='ltr' id='par_1_1' title="bbox 364 264 1318 345">
     <span class='ocr_line' id='line_1_1' title="bbox 364 264 1318 345; baseline 0.006 -5"><span class='ocrx_word' id='word_1_1' title='bbox 364 291 419 343; x_wconf 77' lang='lat' dir='ltr'>nu</span> <span class='ocrx_word' id='word_1_2' title='bbox 444 291 636 342; x_wconf 81' lang='lat' dir='ltr'>nourrrc</span> <span class='ocrx_word' id='word_1_3' title='bbox 659 274 803 343; x_wconf 64' lang='lat' dir='ltr'>namo</span> <span class='ocrx_word' id='word_1_4' title='bbox 827 290 981 345; x_wconf 75' lang='lat' dir='ltr'>roura.</span> <span class='ocrx_word' id='word_1_5' title='bbox 1160 264 1239 345; x_wconf 73' lang='lat'>25⁸</span> <span class='ocrx_word' id='word_1_6' title='bbox 1308 297 1318 323; x_wconf 66' lang='lat'><em>1</em></span> 
     </span>
    </p>
   </div>
   <div class='ocr_carea' id='block_1_2' title="bbox 126 446 1362 2596">
    <p class='ocr_par' dir='ltr' id='par_1_2' title="bbox 126 446 1362 2596">
     <span class='ocr_line' id='line_1_2' title="bbox 128 446 1247 544; baseline 0.006 -28"><span class='ocrx_word' id='word_1_7' title='bbox 128 447 241 535; x_wconf 87' lang='lat' dir='ltr'>citius,</span> <span class='ocrx_word' id='word_1_8' title='bbox 277 446 370 535; x_wconf 89' lang='lat' dir='ltr'>qnod</span> <span class='ocrx_word' id='word_1_9' title='bbox 391 447 545 536; x_wconf 85' lang='lat' dir='ltr'>volebat,</span> <span class='ocrx_word' id='word_1_10' title='bbox 568 457 855 540; x_wconf 63' lang='lat' dir='ltr'>consequeretur,</span> <span class='ocrx_word' id='word_1_11' title='bbox 888 470 1033 540; x_wconf 88' lang='lat' dir='ltr'>cumque</span> <span class='ocrx_word' id='word_1_12' title='bbox 1055 472 1116 520; x_wconf 87' lang='lat' dir='ltr'>sua</span> <span class='ocrx_word' id='word_1_13' title='bbox 1134 451 1247 544; x_wconf 79' lang='lat' dir='ltr'>ipsius·</span> 
     </span>
     <span class='ocr_line' id='line_1_3' title="bbox 128 550 1241 642; baseline 0.005 -24"><span class='ocrx_word' id='word_1_14' title='bbox 128 553 369 642; x_wconf 87' lang='lat' dir='ltr'>epigrammata</span> <span class='ocrx_word' id='word_1_15' title='bbox 385 550 478 618; x_wconf 90' lang='lat' dir='ltr'>haud</span> <span class='ocrx_word' id='word_1_16' title='bbox 498 551 657 619; x_wconf 87' lang='lat' dir='ltr'>inferiora</span> <span class='ocrx_word' id='word_1_17' title='bbox 678 563 828 621; x_wconf 80' lang='lat' dir='ltr'>censeret</span> <span class='ocrx_word' id='word_1_18' title='bbox 847 554 1098 621; x_wconf 86' lang='lat' dir='ltr'>triumvirorum·</span> <span class='ocrx_word' id='word_1_19' title='bbox 1107 555 1241 624; x_wconf 89' lang='lat' dir='ltr'>illorum</span> 
     </span>
     <span class='ocr_line' id='line_1_4' title="bbox 127 653 1242 746; baseline 0.005 -25"><span class='ocrx_word' id='word_1_20' title='bbox 127 665 163 721; x_wconf 91' lang='lat' dir='ltr'>et</span> <span class='ocrx_word' id='word_1_21' title='bbox 180 653 479 720; x_wconf 85' lang='lat' dir='ltr'>laudatissimorum</span> <span class='ocrx_word' id='word_1_22' title='bbox 498 663 676 744; x_wconf 87' lang='lat' dir='ltr'>poetarum</span> <span class='ocrx_word' id='word_1_23' title='bbox 696 656 842 745; x_wconf 87' lang='lat' dir='ltr'>scriptis,</span> <span class='ocrx_word' id='word_1_24' title='bbox 868 657 1066 746; x_wconf 80' lang='lat' dir='ltr'>prudentiae</span> <span class='ocrx_word' id='word_1_25' title='bbox 1086 667 1159 726; x_wconf 88' lang='lat' dir='ltr'>erat</span> <span class='ocrx_word' id='word_1_26' title='bbox 1178 682 1242 728; x_wconf 91' lang='lat' dir='ltr'>ne·</span> 
     </span>
     <span class='ocr_line' id='line_1_5' title="bbox 129 755 1242 852; baseline 0.004 -26"><span class='ocrx_word' id='word_1_27' title='bbox 129 758 199 826; x_wconf 88' lang='lat' dir='ltr'>scio</span> <span class='ocrx_word' id='word_1_28' title='bbox 222 755 332 822; x_wconf 91' lang='lat' dir='ltr'>dicam</span> <span class='ocrx_word' id='word_1_29' title='bbox 348 779 392 823; x_wconf 91' lang='lat' dir='ltr'>arr</span> <span class='ocrx_word' id='word_1_30' title='bbox 406 755 611 843; x_wconf 86' lang='lat' dir='ltr'>calliditatis,</span> <span class='ocrx_word' id='word_1_31' title='bbox 636 765 674 824; x_wconf 92' lang='lat' dir='ltr'>nt</span> <span class='ocrx_word' id='word_1_32' title='bbox 691 758 812 848; x_wconf 88' lang='lat' dir='ltr'>grandi</span> <span class='ocrx_word' id='word_1_33' title='bbox 826 757 976 827; x_wconf 87' lang='lat' dir='ltr'>Maronis</span> <span class='ocrx_word' id='word_1_34' title='bbox 1003 761 1099 851; x_wconf 84' lang='lat' dir='ltr'>operi</span> <span class='ocrx_word' id='word_1_35' title='bbox 1124 763 1242 852; x_wconf 88' lang='lat' dir='ltr'>aequi-</span> 
     </span>
     <span class='ocr_line' id='line_1_6' title="bbox 128 857 1244 958; baseline 0.008 -33"><span class='ocrx_word' id='word_1_36' title='bbox 128 868 263 952; x_wconf 86' lang='lat' dir='ltr'>pararet</span> <span class='ocrx_word' id='word_1_37' title='bbox 277 859 369 926; x_wconf 76' lang='lat' dir='ltr'>Sexti</span> <span class='ocrx_word' id='word_1_38' title='bbox 386 859 429 925; x_wconf 92' lang='lat' dir='ltr'>de</span> <span class='ocrx_word' id='word_1_39' title='bbox 442 858 533 926; x_wconf 90' lang='lat' dir='ltr'>bello</span> <span class='ocrx_word' id='word_1_40' title='bbox 551 857 741 950; x_wconf 89' lang='lat' dir='ltr'>Capitolino</span> <span class='ocrx_word' id='word_1_41' title='bbox 756 860 791 958; x_wconf 77' lang='lat' dir='ltr'>lq</span> <span class='ocrx_word' id='word_1_42' title='bbox 806 883 835 927; x_wconf 91' lang='lat' dir='ltr'>e.</span> <span class='ocrx_word' id='word_1_43' title='bbox 843 859 1020 929; x_wconf 89' lang='lat' dir='ltr'>Vitelliano</span> <span class='ocrx_word' id='word_1_44' title='bbox 1036 886 1131 955; x_wconf 87' lang='lat' dir='ltr'>epos,</span> <span class='ocrx_word' id='word_1_45' title='bbox 1149 864 1244 955; x_wconf 89' lang='lat' dir='ltr'>quod</span> 
     </span>
     <span class='ocr_line' id='line_1_7' title="bbox 127 961 1242 1060; baseline 0.006 -30"><span class='ocrx_word' id='word_1_46' title='bbox 127 965 185 1030; x_wconf 92' lang='lat' dir='ltr'>ille</span> <span class='ocrx_word' id='word_1_47' title='bbox 200 971 258 1030; x_wconf 87' lang='lat' dir='ltr'>aut</span> <span class='ocrx_word' id='word_1_48' title='bbox 269 962 395 1051; x_wconf 89' lang='lat' dir='ltr'>publici</span> <span class='ocrx_word' id='word_1_49' title='bbox 404 961 491 1052; x_wconf 88' lang='lat' dir='ltr'>juris</span> <span class='ocrx_word' id='word_1_50' title='bbox 500 961 575 1053; x_wconf 83' lang='lat' dir='ltr'>jam</span> <span class='ocrx_word' id='word_1_51' title='bbox 591 961 720 1030; x_wconf 82' lang='lat' dir='ltr'>fecerat</span> <span class='ocrx_word' id='word_1_52' title='bbox 738 971 794 1030; x_wconf 92' lang='lat' dir='ltr'>aut</span> <span class='ocrx_word' id='word_1_53' title='bbox 809 963 1022 1041; x_wconf 84' lang='lat' dir='ltr'>scribendum</span> <span class='ocrx_word' id='word_1_54' title='bbox 1038 975 1242 1060; x_wconf 80' lang='lat' dir='ltr'>susceperat.</span> 
     </span>
     <span class='ocr_line' id='line_1_8' title="bbox 128 1058 1244 1156; baseline 0.007 -23"><span class='ocrx_word' id='word_1_55' title='bbox 128 1067 216 1133; x_wconf 88' lang='lat' dir='ltr'>Tam</span> <span class='ocrx_word' id='word_1_56' title='bbox 232 1058 366 1156; x_wconf 79' lang='lat' dir='ltr'>turpem</span> <span class='ocrx_word' id='word_1_57' title='bbox 381 1064 614 1155; x_wconf 87' lang='lat' dir='ltr'>abjectamque</span> <span class='ocrx_word' id='word_1_58' title='bbox 632 1064 857 1134; x_wconf 89' lang='lat' dir='ltr'>adulationem</span> <span class='ocrx_word' id='word_1_59' title='bbox 870 1065 963 1133; x_wconf 90' lang='lat' dir='ltr'>hand</span> <span class='ocrx_word' id='word_1_60' title='bbox 979 1068 1120 1136; x_wconf 88' lang='lat' dir='ltr'>alienam</span> <span class='ocrx_word' id='word_1_61' title='bbox 1140 1072 1244 1140; x_wconf 83' lang='lat' dir='ltr'>fuisse</span> 
     </span>
     <span class='ocr_line' id='line_1_9' title="bbox 128 1158 1242 1258; baseline 0.007 -22"><span class='ocrx_word' id='word_1_62' title='bbox 128 1169 172 1236; x_wconf 91' lang='lat' dir='ltr'>ab</span> <span class='ocrx_word' id='word_1_63' title='bbox 186 1169 295 1235; x_wconf 89' lang='lat' dir='ltr'>animo</span> <span class='ocrx_word' id='word_1_64' title='bbox 308 1167 488 1255; x_wconf 83' lang='lat' dir='ltr'>Martialis,</span> <span class='ocrx_word' id='word_1_65' title='bbox 515 1190 593 1236; x_wconf 91' lang='lat' dir='ltr'>cum</span> <span class='ocrx_word' id='word_1_66' title='bbox 607 1168 672 1236; x_wconf 87' lang='lat' dir='ltr'>alia</span> <span class='ocrx_word' id='word_1_67' title='bbox 686 1158 752 1239; x_wconf 86' lang='lat' dir='ltr'>nos</span> <span class='ocrx_word' id='word_1_68' title='bbox 773 1166 914 1258; x_wconf 86' lang='lat' dir='ltr'>docent,</span> <span class='ocrx_word' id='word_1_69' title='bbox 938 1178 1009 1238; x_wconf 91' lang='lat' dir='ltr'>turn</span> <span class='ocrx_word' id='word_1_70' title='bbox 1027 1172 1129 1238; x_wconf 87' lang='lat' dir='ltr'>etiarn</span> <span class='ocrx_word' id='word_1_71' title='bbox 1146 1172 1242 1243; x_wconf 80' lang='lat' dir='ltr'>Libri</span> 
     </span>
     <span class='ocr_line' id='line_1_10' title="bbox 128 1267 513 1362; baseline -0.013 -21"><span class='ocrx_word' id='word_1_72' title='bbox 128 1271 202 1345; x_wconf 62' lang='lat' dir='ltr'>vll,</span> <span class='ocrx_word' id='word_1_73' title='bbox 219 1271 325 1362; x_wconf 86' lang='lat' dir='ltr'>epigr.</span> <span class='ocrx_word' id='word_1_74' title='bbox 340 1267 400 1337; x_wconf 95' lang='grc'>99.</span> <span class='ocrx_word' id='word_1_75' title='bbox 502 1293 513 1300; x_wconf 94' lang='grc'>··</span> 
     </span>
     <span class='ocr_line' id='line_1_11' title="bbox 179 1370 1204 1472; baseline 0 -28"><span class='ocrx_word' id='word_1_76' title='bbox 179 1373 243 1444; x_wconf 78' lang='lat' dir='ltr'>Sic</span> <span class='ocrx_word' id='word_1_77' title='bbox 256 1373 445 1466; x_wconf 84' lang='lat' dir='ltr'>placidum</span> <span class='ocrx_word' id='word_1_78' title='bbox 457 1371 582 1442; x_wconf 81' lang='lat' dir='ltr'>videas</span> <span class='ocrx_word' id='word_1_79' title='bbox 592 1394 750 1468; x_wconf 73' lang='lat' dir='ltr'>seraper,</span> <span class='ocrx_word' id='word_1_80' title='bbox 781 1373 959 1466; x_wconf 78' lang='lat' dir='ltr'>Crispina,</span> <span class='ocrx_word' id='word_1_81' title='bbox 988 1370 1204 1472; x_wconf 68' lang='lat' dir='ltr'>Tetarton,</span> 
     </span>
     <span class='ocr_line' id='line_1_12' title="bbox 229 1474 1244 1569; baseline 0.004 -24"><span class='ocrx_word' id='word_1_82' title='bbox 229 1474 308 1551; x_wconf 86' lang='lat' dir='ltr'>Nec</span> <span class='ocrx_word' id='word_1_83' title='bbox 326 1475 494 1544; x_wconf 66' lang='lat' dir='ltr'>te‘Romo</span> <span class='ocrx_word' id='word_1_84' title='bbox 506 1477 637 1566; x_wconf 81' lang='lat' dir='ltr'>minua,</span> <span class='ocrx_word' id='word_1_85' title='bbox 664 1498 772 1569; x_wconf 83' lang='lat' dir='ltr'>quum</span> <span class='ocrx_word' id='word_1_86' title='bbox 784 1485 848 1546; x_wconf 86' lang='lat' dir='ltr'>tun</span> <span class='ocrx_word' id='word_1_87' title='bbox 862 1474 1044 1568; x_wconf 75' lang='lat' dir='ltr'>Memphis</span> <span class='ocrx_word' id='word_1_88' title='bbox 1061 1487 1176 1551; x_wconf 77' lang='lat' dir='ltr'>amet:</span> <span class='ocrx_word' id='word_1_89' title='bbox 1231 1520 1244 1539; x_wconf 84' lang='lat'><em>·</em></span> 
     </span>
     <span class='ocr_line' id='line_1_13' title="bbox 182 1578 1157 1673; baseline 0 -24"><span class='ocrx_word' id='word_1_90' title='bbox 182 1578 355 1650; x_wconf 79' lang='lat' dir='ltr'>Carmina</span> <span class='ocrx_word' id='word_1_91' title='bbox 366 1578 570 1647; x_wconf 78' lang='lat' dir='ltr'>Parrhasio</span> <span class='ocrx_word' id='word_1_92' title='bbox 584 1579 615 1647; x_wconf 82' lang='lat' dir='ltr'>ai</span> <span class='ocrx_word' id='word_1_93' title='bbox 627 1588 750 1649; x_wconf 77' lang='lat' dir='ltr'>nostra</span> <span class='ocrx_word' id='word_1_94' title='bbox 764 1580 930 1673; x_wconf 67' lang='lat' dir='ltr'>legentur</span> <span class='ocrx_word' id='word_1_95' title='bbox 944 1579 981 1646; x_wconf 82' lang='lat' dir='ltr'>in</span> <span class='ocrx_word' id='word_1_96' title='bbox 993 1579 1100 1661; x_wconf 66' lang='lat' dir='ltr'>autor</span> <span class='ocrx_word' id='word_1_97' title='bbox 1152 1664 1157 1669; x_wconf 30' lang='grc'><strong>-</strong></span> 
     </span>
     <span class='ocr_line' id='line_1_14' title="bbox 229 1678 1064 1775; baseline 0 -25"><span class='ocrx_word' id='word_1_98' title='bbox 229 1680 413 1773; x_wconf 82' lang='lat' dir='ltr'>(Namque</span> <span class='ocrx_word' id='word_1_99' title='bbox 427 1681 538 1751; x_wconf 79' lang='lat' dir='ltr'>uolent</span> <span class='ocrx_word' id='word_1_100' title='bbox 550 1703 659 1751; x_wconf 79' lang='lat' dir='ltr'>sucro</span> <span class='ocrx_word' id='word_1_101' title='bbox 676 1682 845 1753; x_wconf 79' lang='lat' dir='ltr'>Caesaris</span> <span class='ocrx_word' id='word_1_102' title='bbox 858 1702 947 1750; x_wconf 81' lang='lat' dir='ltr'>oure</span> <span class='ocrx_word' id='word_1_103' title='bbox 957 1678 1064 1775; x_wconf 70' lang='lat' dir='ltr'>frui.)</span> 
     </span>
     <span class='ocr_line' id='line_1_15' title="bbox 176 1783 1170 1870; baseline -0.002 -16"><span class='ocrx_word' id='word_1_104' title='bbox 176 1783 309 1854; x_wconf 85' lang='lat' dir='ltr'>Dicere</span> <span class='ocrx_word' id='word_1_105' title='bbox 324 1783 502 1868; x_wconf 72' lang='lat' dir='ltr'>detrahis,</span> <span class='ocrx_word' id='word_1_106' title='bbox 527 1791 567 1851; x_wconf 84' lang='lat' dir='ltr'>ur</span> <span class='ocrx_word' id='word_1_107' title='bbox 580 1783 691 1853; x_wconf 84' lang='lat' dir='ltr'>tector</span> <span class='ocrx_word' id='word_1_108' title='bbox 704 1786 897 1870; x_wconf 80' lang='lat' dir='ltr'>condidus,</span> <span class='ocrx_word' id='word_1_109' title='bbox 922 1785 1037 1853; x_wconf 78' lang='lat' dir='ltr'>uude:</span> <span class='ocrx_word' id='word_1_110' title='bbox 1166 1836 1170 1843; x_wconf 88' lang='lat'>.</span> 
     </span>
     <span class='ocr_line' id='line_1_16' title="bbox 235 1885 1043 1978; baseline 0.001 -23"><span class='ocrx_word' id='word_1_111' title='bbox 235 1885 463 1978; x_wconf 73' lang='lat' dir='ltr'>Temporibus</span> <span class='ocrx_word' id='word_1_112' title='bbox 477 1893 646 1977; x_wconf 80' lang='lat' dir='ltr'>praestat</span> <span class='ocrx_word' id='word_1_113' title='bbox 660 1908 728 1955; x_wconf 83' lang='lat' dir='ltr'>oon</span> <span class='ocrx_word' id='word_1_114' title='bbox 741 1888 829 1956; x_wconf 82' lang='lat' dir='ltr'>nibil</span> <span class='ocrx_word' id='word_1_115' title='bbox 844 1888 909 1956; x_wconf 81' lang='lat' dir='ltr'>iate</span> <span class='ocrx_word' id='word_1_116' title='bbox 921 1888 1011 1965; x_wconf 69' lang='lat' dir='ltr'>tuisr</span> <span class='ocrx_word' id='word_1_117' title='bbox 1039 1926 1043 1933; x_wconf 96' lang='lat'>-</span> 
     </span>
     <span class='ocr_line' id='line_1_17' title="bbox 178 1986 1356 2081; baseline 0.001 -22"><span class='ocrx_word' id='word_1_118' title='bbox 178 1988 257 2059; x_wconf 89' lang='lat' dir='ltr'>Nec</span> <span class='ocrx_word' id='word_1_119' title='bbox 269 1989 397 2057; x_wconf 84' lang='lat' dir='ltr'>Marso</span> <span class='ocrx_word' id='word_1_120' title='bbox 411 1988 555 2056; x_wconf 83' lang='lat' dir='ltr'>nimium</span> <span class='ocrx_word' id='word_1_121' title='bbox 568 1988 683 2056; x_wconf 80' lang='lat' dir='ltr'>minor</span> <span class='ocrx_word' id='word_1_122' title='bbox 698 1996 768 2076; x_wconf 85' lang='lat' dir='ltr'>est,</span> <span class='ocrx_word' id='word_1_123' title='bbox 798 1990 970 2081; x_wconf 80' lang='lat' dir='ltr'>doctoque</span> <span class='ocrx_word' id='word_1_124' title='bbox 988 1988 1139 2061; x_wconf 82' lang='lat' dir='ltr'>Catullo.</span> <span class='ocrx_word' id='word_1_125' title='bbox 1172 1986 1176 1991; x_wconf 73' lang='grc'>’</span> <span class='ocrx_word' id='word_1_126' title='bbox 1287 1997 1289 2002; x_wconf 87' lang='grc'><strong>’</strong></span> <span class='ocrx_word' id='word_1_127' title='bbox 1351 2024 1356 2040; x_wconf 89' lang='grc'>·</span> 
     </span>
     <span class='ocr_line' id='line_1_18' title="bbox 230 2090 1362 2182; baseline 0.004 -22"><span class='ocrx_word' id='word_1_128' title='bbox 230 2092 310 2160; x_wconf 87' lang='lat' dir='ltr'>Hoc</span> <span class='ocrx_word' id='word_1_129' title='bbox 323 2092 412 2160; x_wconf 81' lang='lat' dir='ltr'>sotis</span> <span class='ocrx_word' id='word_1_130' title='bbox 424 2090 586 2182; x_wconf 80' lang='lat' dir='ltr'>est:·ipoi</span> <span class='ocrx_word' id='word_1_131' title='bbox 601 2099 746 2160; x_wconf 67' lang='lat' dir='ltr'>comem</span> <span class='ocrx_word' id='word_1_132' title='bbox 759 2093 893 2162; x_wconf 83' lang='lat' dir='ltr'>mando</span> <span class='ocrx_word' id='word_1_133' title='bbox 906 2092 997 2162; x_wconf 85' lang='lat' dir='ltr'>Deo.</span> <span class='ocrx_word' id='word_1_134' title='bbox 1359 2096 1362 2104; x_wconf 81' lang='grc'><em>“</em></span> 
     </span>
     <span class='ocr_line' id='line_1_19' title="bbox 128 2190 1301 2289; baseline -0.003 -23"><span class='ocrx_word' id='word_1_135' title='bbox 128 2195 311 2289; x_wconf 85' lang='lat' dir='ltr'>Crispinus,</span> <span class='ocrx_word' id='word_1_136' title='bbox 329 2192 425 2285; x_wconf 87' lang='lat' dir='ltr'>cujus</span> <span class='ocrx_word' id='word_1_137' title='bbox 436 2192 588 2261; x_wconf 78' lang='lat' dir='ltr'>favorem</span> <span class='ocrx_word' id='word_1_138' title='bbox 601 2192 764 2264; x_wconf 84' lang='lat' dir='ltr'>Martialis</span> <span class='ocrx_word' id='word_1_139' title='bbox 781 2196 849 2265; x_wconf 87' lang='lat' dir='ltr'>hoc</span> <span class='ocrx_word' id='word_1_140' title='bbox 870 2196 1112 2288; x_wconf 80' lang='lat' dir='ltr'>epigrammate</span> <span class='ocrx_word' id='word_1_141' title='bbox 1128 2191 1243 2281; x_wconf 86' lang='lat' dir='ltr'>ambit,</span> <span class='ocrx_word' id='word_1_142' title='bbox 1283 2190 1301 2209; x_wconf 74' lang='grc'><em>“</em></span> 
     </span>
     <span class='ocr_line' id='line_1_20' title="bbox 126 2293 1244 2390; baseline -0.003 -23"><span class='ocrx_word' id='word_1_143' title='bbox 126 2293 183 2367; x_wconf 78' lang='lat' dir='ltr'>rix</span> <span class='ocrx_word' id='word_1_144' title='bbox 196 2307 311 2390; x_wconf 87' lang='lat' dir='ltr'>potest</span> <span class='ocrx_word' id='word_1_145' title='bbox 324 2296 468 2365; x_wconf 78' lang='lat' dir='ltr'>dubitan&#39;</span> <span class='ocrx_word' id='word_1_146' title='bbox 486 2296 565 2386; x_wconf 91' lang='lat' dir='ltr'>quin</span> <span class='ocrx_word' id='word_1_147' title='bbox 580 2297 641 2365; x_wconf 88' lang='lat' dir='ltr'>iste</span> <span class='ocrx_word' id='word_1_148' title='bbox 656 2297 696 2365; x_wconf 89' lang='lat' dir='ltr'>sit</span> <span class='ocrx_word' id='word_1_149' title='bbox 714 2298 928 2390; x_wconf 87' lang='lat' dir='ltr'>chartapola,</span> <span class='ocrx_word' id='word_1_150' title='bbox 955 2298 1155 2367; x_wconf 80' lang='lat' dir='ltr'>adurenale</span> <span class='ocrx_word' id='word_1_151' title='bbox 1171 2297 1244 2366; x_wconf 78' lang='lat' dir='ltr'>sae</span> 
     </span>
     <span class='ocr_line' id='line_1_21' title="bbox 128 2399 1294 2492; baseline -0.002 -22"><span class='ocrx_word' id='word_1_152' title='bbox 128 2403 155 2470; x_wconf 92' lang='grc' dir='ltr'>Ι.</span> <span class='ocrx_word' id='word_1_153' title='bbox 180 2424 211 2473; x_wconf 86' lang='lat' dir='ltr'>v.</span> <span class='ocrx_word' id='word_1_154' title='bbox 232 2399 291 2468; x_wconf 77' lang='lat' dir='ltr'>to.</span> <span class='ocrx_word' id='word_1_155' title='bbox 322 2401 525 2491; x_wconf 82' lang='lat' dir='ltr'>exagitatus,</span> <span class='ocrx_word' id='word_1_156' title='bbox 557 2400 616 2487; x_wconf 91' lang='lat' dir='ltr'>qui</span> <span class='ocrx_word' id='word_1_157' title='bbox 643 2422 684 2468; x_wconf 83' lang='lat' dir='ltr'>ex</span> <span class='ocrx_word' id='word_1_158' title='bbox 708 2400 823 2468; x_wconf 88' lang='lat' dir='ltr'>infima</span> <span class='ocrx_word' id='word_1_159' title='bbox 843 2400 952 2492; x_wconf 86' lang='lat' dir='ltr'>plebis</span> <span class='ocrx_word' id='word_1_160' title='bbox 972 2400 1123 2470; x_wconf 85' lang='lat' dir='ltr'>Niliacae</span> <span class='ocrx_word' id='word_1_161' title='bbox 1145 2399 1245 2479; x_wconf 76' lang='lat' dir='ltr'>faece</span> <span class='ocrx_word' id='word_1_162' title='bbox 1290 2420 1294 2433; x_wconf 84' lang='lat'><em>·</em></span> 
     </span>
     <span class='ocr_line' id='line_1_22' title="bbox 127 2501 1244 2596; baseline -0.001 -24"><span class='ocrx_word' id='word_1_163' title='bbox 127 2512 218 2572; x_wconf 86' lang='lat' dir='ltr'>ortus</span> <span class='ocrx_word' id='word_1_164' title='bbox 234 2502 326 2572; x_wconf 88' lang='lat' dir='ltr'>etad</span> <span class='ocrx_word' id='word_1_165' title='bbox 349 2525 486 2570; x_wconf 89' lang='lat' dir='ltr'>censum</span> <span class='ocrx_word' id='word_1_166' title='bbox 500 2511 688 2590; x_wconf 88' lang='lat' dir='ltr'>equestrem</span> <span class='ocrx_word' id='word_1_167' title='bbox 702 2513 882 2595; x_wconf 78' lang='lat' dir='ltr'>provectus</span> <span class='ocrx_word' id='word_1_168' title='bbox 907 2526 1034 2596; x_wconf 85' lang='lat' dir='ltr'>magna</span> <span class='ocrx_word' id='word_1_169' title='bbox 1057 2501 1150 2594; x_wconf 87' lang='lat' dir='ltr'>apud</span> <span class='ocrx_word' id='word_1_170' title='bbox 1167 2503 1244 2571; x_wconf 74' lang='lat' dir='ltr'>Do·</span> 
     </span>
    </p>
   </div>
   <div class='ocr_carea' id='block_1_3' title="bbox 126 2602 1347 2697">
    <p class='ocr_par' dir='ltr' id='par_1_3' title="bbox 126 2602 1347 2697">
     <span class='ocr_line' id='line_1_23' title="bbox 126 2602 1347 2697; baseline -0.003 -21"><span class='ocrx_word' id='word_1_171' title='bbox 126 2608 298 2676; x_wconf 90' lang='lat' dir='ltr'>mitianum</span> <span class='ocrx_word' id='word_1_172' title='bbox 319 2605 426 2697; x_wconf 79' lang='lat' dir='ltr'>gratia</span> <span class='ocrx_word' id='word_1_173' title='bbox 446 2605 608 2696; x_wconf 84' lang='lat' dir='ltr'>pollebat</span> <span class='ocrx_word' id='word_1_174' title='bbox 659 2604 715 2673; x_wconf 89' lang='lat' dir='ltr'>En</span> <span class='ocrx_word' id='word_1_175' title='bbox 737 2606 794 2674; x_wconf 90' lang='lat' dir='ltr'>hio</span> <span class='ocrx_word' id='word_1_176' title='bbox 812 2630 917 2676; x_wconf 86' lang='lat' dir='ltr'>verna</span> <span class='ocrx_word' id='word_1_177' title='bbox 940 2605 1089 2697; x_wconf 86' lang='lat' dir='ltr'>Canopi,</span> <span class='ocrx_word' id='word_1_178' title='bbox 1114 2602 1246 2697; x_wconf 82' lang='lat' dir='ltr'>Crispi·</span> <span class='ocrx_word' id='word_1_179' title='bbox 1283 2627 1286 2632; x_wconf 88' lang='lat'>·</span> <span class='ocrx_word' id='word_1_180' title='bbox 1342 2623 1347 2633; x_wconf 83' lang='lat'><em>‘</em></span> 
     </span>
    </p>
   </div>
   <div class='ocr_carea' id='block_1_4' title="bbox 34 2700 1247 4141">
    <p class='ocr_par' dir='ltr' id='par_1_4' title="bbox 126 2700 1245 3316">
     <span class='ocr_line' id='line_1_24' title="bbox 126 2700 1245 2802; baseline -0.002 -23"><span class='ocrx_word' id='word_1_181' title='bbox 126 2732 209 2800; x_wconf 81' lang='lat' dir='ltr'>nus,</span> <span class='ocrx_word' id='word_1_182' title='bbox 235 2700 596 2800; x_wconf 60' lang='lat' dir='ltr'>submisse‘r&#39;ogatnra</span> <span class='ocrx_word' id='word_1_183' title='bbox 621 2706 795 2796; x_wconf 85' lang='lat' dir='ltr'>Martiale,</span> <span class='ocrx_word' id='word_1_184' title='bbox 819 2719 858 2778; x_wconf 92' lang='lat' dir='ltr'>nt</span> <span class='ocrx_word' id='word_1_185' title='bbox 878 2710 981 2802; x_wconf 88' lang='lat' dir='ltr'>ipsius</span> <span class='ocrx_word' id='word_1_186' title='bbox 1008 2709 1152 2777; x_wconf 85' lang='lat' dir='ltr'>carmina</span> <span class='ocrx_word' id='word_1_187' title='bbox 1167 2709 1245 2777; x_wconf 89' lang='lat' dir='ltr'>Do-</span> 
     </span>
     <span class='ocr_line' id='line_1_25' title="bbox 126 2810 1245 2900; baseline -0.001 -19"><span class='ocrx_word' id='word_1_188' title='bbox 126 2814 262 2882; x_wconf 90' lang='lat' dir='ltr'>mitiano</span> <span class='ocrx_word' id='word_1_189' title='bbox 287 2811 498 2879; x_wconf 90' lang='lat' dir='ltr'>commendet</span> <span class='ocrx_word' id='word_1_190' title='bbox 522 2832 629 2900; x_wconf 88' lang='lat' dir='ltr'>eaque</span> <span class='ocrx_word' id='word_1_191' title='bbox 652 2834 721 2878; x_wconf 93' lang='lat' dir='ltr'>non</span> <span class='ocrx_word' id='word_1_192' title='bbox 743 2811 909 2880; x_wconf 86' lang='lat' dir='ltr'>deteriora</span> <span class='ocrx_word' id='word_1_193' title='bbox 931 2834 1005 2881; x_wconf 86' lang='lat' dir='ltr'>esse</span> <span class='ocrx_word' id='word_1_194' title='bbox 1025 2812 1115 2880; x_wconf 88' lang='lat' dir='ltr'>dicat</span> <span class='ocrx_word' id='word_1_195' title='bbox 1136 2810 1245 2880; x_wconf 86' lang='lat' dir='ltr'>Marsi</span> 
     </span>
     <span class='ocr_line' id='line_1_26' title="bbox 128 2913 1245 3005; baseline -0.003 -21"><span class='ocrx_word' id='word_1_196' title='bbox 128 2926 162 2984; x_wconf 94' lang='lat' dir='ltr'>et</span> <span class='ocrx_word' id='word_1_197' title='bbox 179 2914 301 2984; x_wconf 89' lang='lat' dir='ltr'>Catulli</span> <span class='ocrx_word' id='word_1_198' title='bbox 319 2913 471 3004; x_wconf 84' lang='lat' dir='ltr'>scriptis:</span> <span class='ocrx_word' id='word_1_199' title='bbox 496 2936 563 3002; x_wconf 89' lang='lat' dir='ltr'>qua</span> <span class='ocrx_word' id='word_1_200' title='bbox 586 2913 800 2981; x_wconf 82' lang='lat' dir='ltr'>conversione</span> <span class='ocrx_word' id='word_1_201' title='bbox 821 2914 887 2982; x_wconf 90' lang='lat' dir='ltr'>dici</span> <span class='ocrx_word' id='word_1_202' title='bbox 913 2915 1028 3005; x_wconf 89' lang='lat' dir='ltr'>nequit</span> <span class='ocrx_word' id='word_1_203' title='bbox 1050 2936 1152 3004; x_wconf 92' lang='lat' dir='ltr'>quam</span> <span class='ocrx_word' id='word_1_204' title='bbox 1172 2914 1245 2981; x_wconf 89' lang='lat' dir='ltr'>cal-</span> 
     </span>
     <span class='ocr_line' id='line_1_27' title="bbox 126 3015 1245 3110; baseline -0.004 -23"><span class='ocrx_word' id='word_1_205' title='bbox 126 3019 195 3087; x_wconf 90' lang='lat' dir='ltr'>lide</span> <span class='ocrx_word' id='word_1_206' title='bbox 211 3039 305 3086; x_wconf 89' lang='lat' dir='ltr'>suam</span> <span class='ocrx_word' id='word_1_207' title='bbox 325 3015 369 3083; x_wconf 89' lang='lat' dir='ltr'>dc</span> <span class='ocrx_word' id='word_1_208' title='bbox 390 3016 523 3107; x_wconf 85' lang='lat' dir='ltr'>ingenio</span> <span class='ocrx_word' id='word_1_209' title='bbox 540 3016 738 3107; x_wconf 89' lang='lat' dir='ltr'>scriptisque</span> <span class='ocrx_word' id='word_1_210' title='bbox 761 3019 826 3085; x_wconf 87' lang='lat' dir='ltr'>suis</span> <span class='ocrx_word' id='word_1_211' title='bbox 852 3016 1077 3110; x_wconf 89' lang='lat' dir='ltr'>opinationem</span> <span class='ocrx_word' id='word_1_212' title='bbox 1100 3018 1245 3083; x_wconf 87' lang='lat' dir='ltr'>fastum-</span> 
     </span>
     <span class='ocr_line' id='line_1_28' title="bbox 126 3117 1244 3214; baseline -0.002 -26"><span class='ocrx_word' id='word_1_213' title='bbox 126 3146 194 3212; x_wconf 91' lang='lat' dir='ltr'>que</span> <span class='ocrx_word' id='word_1_214' title='bbox 209 3120 462 3188; x_wconf 88' lang='lat' dir='ltr'>dissimulaverit</span> <span class='ocrx_word' id='word_1_215' title='bbox 476 3117 685 3187; x_wconf 86' lang='lat' dir='ltr'>Bilbilitanns</span> <span class='ocrx_word' id='word_1_216' title='bbox 700 3130 804 3212; x_wconf 89' lang='lat' dir='ltr'>poeta</span> <span class='ocrx_word' id='word_1_217' title='bbox 818 3121 936 3189; x_wconf 90' lang='lat' dir='ltr'>doctus</span> <span class='ocrx_word' id='word_1_218' title='bbox 951 3142 1031 3189; x_wconf 89' lang='lat' dir='ltr'>saue</span> <span class='ocrx_word' id='word_1_219' title='bbox 1046 3129 1080 3188; x_wconf 91' lang='lat' dir='ltr'>et</span> <span class='ocrx_word' id='word_1_220' title='bbox 1095 3119 1244 3214; x_wconf 77' lang='lat' dir='ltr'>elegans,</span> 
     </span>
     <span class='ocr_line' id='line_1_29' title="bbox 127 3222 746 3316; baseline -0.002 -22"><span class='ocrx_word' id='word_1_221' title='bbox 127 3226 188 3294; x_wconf 88' lang='lat' dir='ltr'>sed</span> <span class='ocrx_word' id='word_1_222' title='bbox 202 3223 295 3294; x_wconf 90' lang='lat' dir='ltr'>haud</span> <span class='ocrx_word' id='word_1_223' title='bbox 310 3246 387 3291; x_wconf 89' lang='lat' dir='ltr'>raro</span> <span class='ocrx_word' id='word_1_224' title='bbox 402 3222 575 3316; x_wconf 88' lang='lat' dir='ltr'>ingeniose</span> <span class='ocrx_word' id='word_1_225' title='bbox 590 3245 746 3311; x_wconf 89' lang='lat' dir='ltr'>nequam.</span> 
     </span>
    </p>

    <p class='ocr_par' dir='ltr' id='par_1_5' title="bbox 34 3321 1247 4141">
     <span class='ocr_line' id='line_1_30' title="bbox 228 3321 1246 3497; baseline -0.004 0"><span class='ocrx_word' id='word_1_226' title='bbox 228 3429 326 3497; x_wconf 90' lang='lat' dir='ltr'>Haeo</span> <span class='ocrx_word' id='word_1_227' title='bbox 351 3450 372 3494; x_wconf 88' lang='lat' dir='ltr'>a</span> <span class='ocrx_word' id='word_1_228' title='bbox 393 3426 488 3495; x_wconf 88' lang='lat' dir='ltr'>nobis</span> <span class='ocrx_word' id='word_1_229' title='bbox 506 3427 605 3495; x_wconf 89' lang='lat' dir='ltr'>allata</span> <span class='ocrx_word' id='word_1_230' title='bbox 625 3321 789 3495; x_wconf 69' lang='lat' dir='ltr'>Martialis</span> <span class='ocrx_word' id='word_1_231' title='bbox 814 3423 1001 3494; x_wconf 89' lang='lat' dir='ltr'>testimonia</span> <span class='ocrx_word' id='word_1_232' title='bbox 1025 3423 1246 3493; x_wconf 89' lang='lat' dir='ltr'>certissimum</span> 
     </span>
     <span class='ocr_line' id='line_1_31' title="bbox 128 3527 1246 3623; baseline -0.005 -21"><span class='ocrx_word' id='word_1_233' title='bbox 128 3540 179 3602; x_wconf 86' lang='lat' dir='ltr'>est</span> <span class='ocrx_word' id='word_1_234' title='bbox 191 3532 288 3600; x_wconf 88' lang='lat' dir='ltr'>unice</span> <span class='ocrx_word' id='word_1_235' title='bbox 309 3538 464 3621; x_wconf 88' lang='lat' dir='ltr'>spectare</span> <span class='ocrx_word' id='word_1_236' title='bbox 480 3529 525 3596; x_wconf 91' lang='lat' dir='ltr'>ad</span> <span class='ocrx_word' id='word_1_237' title='bbox 549 3530 686 3598; x_wconf 88' lang='lat' dir='ltr'>Domitii</span> <span class='ocrx_word' id='word_1_238' title='bbox 700 3529 808 3598; x_wconf 90' lang='lat' dir='ltr'>Marsi</span> <span class='ocrx_word' id='word_1_239' title='bbox 823 3528 1095 3623; x_wconf 80' lang='lat' dir='ltr'>Epigrammata,</span> <span class='ocrx_word' id='word_1_240' title='bbox 1129 3549 1150 3594; x_wconf 87' lang='lat' dir='ltr'>a</span> <span class='ocrx_word' id='word_1_241' title='bbox 1168 3527 1246 3596; x_wconf 86' lang='lat' dir='ltr'>Ro-</span> 
     </span>
     <span class='ocr_line' id='line_1_32' title="bbox 126 3622 1247 3723; baseline -0.006 -17"><span class='ocrx_word' id='word_1_242' title='bbox 126 3637 230 3706; x_wconf 88' lang='lat' dir='ltr'>manis</span> <span class='ocrx_word' id='word_1_243' title='bbox 250 3658 318 3703; x_wconf 93' lang='lat' dir='ltr'>non</span> <span class='ocrx_word' id='word_1_244' title='bbox 332 3633 428 3723; x_wconf 87' lang='lat' dir='ltr'>parvi</span> <span class='ocrx_word' id='word_1_245' title='bbox 442 3633 630 3722; x_wconf 89' lang='lat' dir='ltr'>aestimata,</span> <span class='ocrx_word' id='word_1_246' title='bbox 656 3634 735 3709; x_wconf 88' lang='lat' dir='ltr'>licet</span> <span class='ocrx_word' id='word_1_247' title='bbox 753 3632 831 3703; x_wconf 93' lang='lat' dir='ltr'>inde</span> <span class='ocrx_word' id='word_1_248' title='bbox 846 3654 915 3699; x_wconf 89' lang='lat' dir='ltr'>non</span> <span class='ocrx_word' id='word_1_249' title='bbox 932 3622 1151 3722; x_wconf 83' lang='lat' dir='ltr'>intelligatur,</span> <span class='ocrx_word' id='word_1_250' title='bbox 1178 3652 1247 3719; x_wconf 81' lang='lat' dir='ltr'>qua</span> 
     </span>
     <span class='ocr_line' id='line_1_33' title="bbox 125 3732 1247 3831; baseline -0.005 -24"><span class='ocrx_word' id='word_1_251' title='bbox 125 3739 334 3831; x_wconf 88' lang='lat' dir='ltr'>potissimum</span> <span class='ocrx_word' id='word_1_252' title='bbox 357 3737 391 3802; x_wconf 91' lang='lat' dir='ltr'>in</span> <span class='ocrx_word' id='word_1_253' title='bbox 419 3758 456 3803; x_wconf 89' lang='lat' dir='ltr'>re</span> <span class='ocrx_word' id='word_1_254' title='bbox 480 3758 598 3803; x_wconf 90' lang='lat' dir='ltr'>eorum</span> <span class='ocrx_word' id='word_1_255' title='bbox 623 3736 759 3805; x_wconf 83' lang='lat' dir='ltr'>virtutes</span> <span class='ocrx_word' id='word_1_256' title='bbox 786 3734 909 3801; x_wconf 87' lang='lat' dir='ltr'>suerint</span> <span class='ocrx_word' id='word_1_257' title='bbox 928 3735 1068 3825; x_wconf 90' lang='lat' dir='ltr'>positae.</span> <span class='ocrx_word' id='word_1_258' title='bbox 1131 3732 1204 3807; x_wconf 84' lang='lat' dir='ltr'>Sed</span> <span class='ocrx_word' id='word_1_259' title='bbox 1224 3732 1247 3801; x_wconf 75' lang='lat' dir='ltr'>a</span> 
     </span>
     <span class='ocr_line' id='line_1_34' title="bbox 34 3834 1247 3933; baseline -0.01 -16"><span class='ocrx_word' id='word_1_260' title='bbox 34 3913 39 3917; x_wconf 88' lang='lat'><em>.</em></span> <span class='ocrx_word' id='word_1_261' title='bbox 125 3842 273 3911; x_wconf 84' lang='lat' dir='ltr'>Douritio</span> <span class='ocrx_word' id='word_1_262' title='bbox 288 3840 406 3908; x_wconf 92' lang='lat' dir='ltr'>Marso</span> <span class='ocrx_word' id='word_1_263' title='bbox 428 3838 590 3933; x_wconf 72' lang='lat' dir='ltr'>grarioris</span> <span class='ocrx_word' id='word_1_264' title='bbox 607 3861 743 3929; x_wconf 90' lang='lat' dir='ltr'>qnoque</span> <span class='ocrx_word' id='word_1_265' title='bbox 764 3838 953 3928; x_wconf 90' lang='lat' dir='ltr'>argumenti</span> <span class='ocrx_word' id='word_1_266' title='bbox 971 3834 1118 3904; x_wconf 86' lang='lat' dir='ltr'>carmina</span> <span class='ocrx_word' id='word_1_267' title='bbox 1136 3836 1247 3925; x_wconf 82' lang='lat' dir='ltr'>eaque</span> 
     </span>
     <span class='ocr_line' id='line_1_35' title="bbox 126 3937 1246 4037; baseline -0.005 -24"><span class='ocrx_word' id='word_1_268' title='bbox 126 3946 224 4037; x_wconf 85' lang='lat' dir='ltr'>epio&#39;a</span> <span class='ocrx_word' id='word_1_269' title='bbox 249 3945 349 4011; x_wconf 87' lang='lat' dir='ltr'>fuisse</span> <span class='ocrx_word' id='word_1_270' title='bbox 373 3942 514 4032; x_wconf 83' lang='lat' dir='ltr'>scripta,</span> <span class='ocrx_word' id='word_1_271' title='bbox 548 3950 623 4009; x_wconf 90' lang='lat' dir='ltr'>sunt</span> <span class='ocrx_word' id='word_1_272' title='bbox 643 3943 702 4032; x_wconf 94' lang='lat' dir='ltr'>qui</span> <span class='ocrx_word' id='word_1_273' title='bbox 723 3942 883 4034; x_wconf 77' lang='lat' dir='ltr'>‘colligant</span> <span class='ocrx_word' id='word_1_274' title='bbox 907 3962 950 4007; x_wconf 85' lang='lat' dir='ltr'>ex</span> <span class='ocrx_word' id='word_1_275' title='bbox 968 3938 1131 4007; x_wconf 87' lang='lat' dir='ltr'>Martialis</span> <span class='ocrx_word' id='word_1_276' title='bbox 1150 3937 1246 4007; x_wconf 82' lang='lat' dir='ltr'>Libri</span> 
     </span>
     <span class='ocr_line' id='line_1_36' title="bbox 124 4041 1246 4141; baseline -0.004 -25"><span class='ocrx_word' id='word_1_277' title='bbox 124 4042 306 4141; x_wconf 88' lang='lat' dir='ltr'>IV.‘epigr.</span> <span class='ocrx_word' id='word_1_278' title='bbox 320 4042 380 4114; x_wconf 83' lang='lat'>29.</span> <span class='ocrx_word' id='word_1_279' title='bbox 395 4043 441 4112; x_wconf 92' lang='lat' dir='ltr'>ad</span> <span class='ocrx_word' id='word_1_280' title='bbox 456 4042 644 4113; x_wconf 88' lang='lat' dir='ltr'>Pudentem</span> <span class='ocrx_word' id='word_1_281' title='bbox 659 4045 772 4114; x_wconf 86' lang='lat' dir='ltr'>nescio</span> <span class='ocrx_word' id='word_1_282' title='bbox 790 4051 893 4133; x_wconf 89' lang='lat' dir='ltr'>quem</span> <span class='ocrx_word' id='word_1_283' title='bbox 909 4041 991 4134; x_wconf 81' lang='lat'>1³),</span> <span class='ocrx_word' id='word_1_284' title='bbox 1014 4043 1069 4112; x_wconf 90' lang='lat' dir='ltr'>cui</span> <span class='ocrx_word' id='word_1_285' title='bbox 1092 4041 1246 4112; x_wconf 83' lang='lat' dir='ltr'>subveri-</span> 
     </span>
    </p>
   </div>
   <div class='ocr_carea' id='block_1_5' title="bbox 124 4182 330 4196">
    <p class='ocr_par' dir='ltr' id='par_1_6' title="bbox 124 4182 330 4196">
     <span class='ocr_line' id='line_1_37' title="bbox 124 4182 330 4196; baseline 0 -2"><span class='ocrx_word' id='word_1_286' title='bbox 124 4182 330 4196; x_wconf 75' lang='lat'>-——=—-</span> 
     </span>
    </p>
   </div>
   <div class='ocr_carea' id='block_1_6' title="bbox 124 4238 1247 4383">
    <p class='ocr_par' dir='ltr' id='par_1_7' title="bbox 124 4238 1247 4383">
     <span class='ocr_line' id='line_1_38' title="bbox 193 4238 1247 4313; baseline 0.004 -18"><span class='ocrx_word' id='word_1_287' title='bbox 193 4241 244 4310; x_wconf 81' lang='lat' dir='ltr'>la)</span> <span class='ocrx_word' id='word_1_288' title='bbox 275 4241 329 4295; x_wconf 86' lang='lat' dir='ltr'>Hic</span> <span class='ocrx_word' id='word_1_289' title='bbox 347 4243 451 4298; x_wconf 72' lang='lat' dir='ltr'>Pudeat</span> <span class='ocrx_word' id='word_1_290' title='bbox 468 4243 575 4301; x_wconf 83' lang='lat' dir='ltr'>videtur</span> <span class='ocrx_word' id='word_1_291' title='bbox 591 4241 662 4298; x_wconf 81' lang='lat' dir='ltr'>idom</span> <span class='ocrx_word' id='word_1_292' title='bbox 686 4260 759 4310; x_wconf 79' lang='lat' dir='ltr'>earo,</span> <span class='ocrx_word' id='word_1_293' title='bbox 782 4242 859 4311; x_wconf 80' lang='lat' dir='ltr'>onjm</span> <span class='ocrx_word' id='word_1_294' title='bbox 881 4238 943 4297; x_wconf 82' lang='lat' dir='ltr'>corn</span> <span class='ocrx_word' id='word_1_295' title='bbox 966 4238 1247 4313; x_wconf 67' lang='lat' dir='ltr'>clamorgan</span> 
     </span>
     <span class='ocr_line' id='line_1_39' title="bbox 124 4301 971 4383; baseline 0.002 -18"><span class='ocrx_word' id='word_1_296' title='bbox 124 4310 240 4380; x_wconf 82' lang='lat' dir='ltr'>quadam</span> <span class='ocrx_word' id='word_1_297' title='bbox 256 4312 360 4380; x_wconf 75' lang='lat' dir='ltr'>nuptias</span> <span class='ocrx_word' id='word_1_298' title='bbox 376 4314 508 4370; x_wconf 83' lang='lat' dir='ltr'>Martialis</span> <span class='ocrx_word' id='word_1_299' title='bbox 525 4316 642 4370; x_wconf 84' lang='lat' dir='ltr'>celebrat</span> <span class='ocrx_word' id='word_1_300' title='bbox 657 4301 730 4369; x_wconf 80' lang='lat' dir='ltr'>lribr.</span> <span class='ocrx_word' id='word_1_301' title='bbox 748 4313 790 4368; x_wconf 59' lang='lat' dir='ltr'>ivr</span> <span class='ocrx_word' id='word_1_302' title='bbox 807 4313 894 4383; x_wconf 72' lang='lat' dir='ltr'>epigr.</span> <span class='ocrx_word' id='word_1_303' title='bbox 909 4311 971 4367; x_wconf 76' lang='lat' dir='ltr'>aar</span> 
     </span>
    </p>
   </div>
   <div class='ocr_carea' id='block_1_7' title="bbox 0 0 1390 4838">
    <p class='ocr_par' dir='ltr' id='par_1_8' title="bbox 0 0 1390 4838">
     <span class='ocr_line' id='line_1_40' title="bbox 0 0 1390 4838; baseline 0 0"><span class='ocrx_word' id='word_1_304' title='bbox 0 0 1390 4838; x_wconf 95' lang='lat' dir='ltr'> </span> 
     </span>
    </p>
   </div>
  </div>
 </body>
</html>
