<?xml version="1.0" encoding="UTF-8"?>
<!DOCTYPE html PUBLIC "-//W3C//DTD XHTML 1.0 Transitional//EN"
    "http://www.w3.org/TR/xhtml1/DTD/xhtml1-transitional.dtd">
<html xmlns="http://www.w3.org/1999/xhtml" xml:lang="en" lang="en">
 <head>
  <title>
</title>
<meta http-equiv="Content-Type" content="text/html;charset=utf-8" />
  <meta name='ocr-system' content='tesseract 3.04.00' />
  <meta name='ocr-capabilities' content='ocr_page ocr_carea ocr_par ocr_line ocrx_word'/>
</head>
<body>
  <div class='ocr_page' id='page_1' title='image "./poetarumlatinor01weicgoog_0091.png"; bbox 0 0 2768 4838; ppageno 0'>
   <div class='ocr_carea' id='block_1_1' title="bbox 146 251 976 361">
    <p class='ocr_par' dir='ltr' id='par_1_1' title="bbox 146 251 976 361">
     <span class='ocr_line' id='line_1_1' title="bbox 146 251 976 361; baseline -0.001 -37"><span class='ocrx_word' id='word_1_1' title='bbox 146 251 215 361; x_wconf 27' lang='lat' dir='ltr'><strong>&#39;tl&#39;</strong></span> <span class='ocrx_word' id='word_1_2' title='bbox 436 272 500 333; x_wconf 76' lang='lat' dir='ltr'><strong>pn</strong></span> <span class='ocrx_word' id='word_1_3' title='bbox 543 273 743 322; x_wconf 73' lang='lat' dir='ltr'><strong>enarro</strong></span> <span class='ocrx_word' id='word_1_4' title='bbox 788 274 976 325; x_wconf 82' lang='lat' dir='ltr'><strong>ronna.</strong></span> 
     </span>
    </p>
   </div>
   <div class='ocr_carea' id='block_1_2' title="bbox 139 420 1330 925">
    <p class='ocr_par' dir='ltr' id='par_1_2' title="bbox 139 420 1330 925">
     <span class='ocr_line' id='line_1_2' title="bbox 145 420 1270 516; baseline 0.004 -25"><span class='ocrx_word' id='word_1_5' title='bbox 145 430 216 491; x_wconf 89' lang='lat' dir='ltr'><strong>tem</strong></span> <span class='ocrx_word' id='word_1_6' title='bbox 229 444 272 489; x_wconf 82' lang='lat' dir='ltr'><strong>ex</strong></span> <span class='ocrx_word' id='word_1_7' title='bbox 284 421 370 489; x_wconf 90' lang='lat' dir='ltr'><strong>illius</strong></span> <span class='ocrx_word' id='word_1_8' title='bbox 384 428 542 513; x_wconf 76' lang='lat' dir='ltr'><strong>poemate</strong></span> <span class='ocrx_word' id='word_1_9' title='bbox 553 420 597 490; x_wconf 94' lang='lat' dir='ltr'><strong>Io</strong></span> <span class='ocrx_word' id='word_1_10' title='bbox 611 445 684 492; x_wconf 91' lang='lat' dir='ltr'><strong>esse</strong></span> <span class='ocrx_word' id='word_1_11' title='bbox 700 422 789 495; x_wconf 80' lang='lat' dir='ltr'><strong>dicit</strong></span> <span class='ocrx_word' id='word_1_12' title='bbox 843 420 930 491; x_wconf 87' lang='lat' dir='ltr'><strong>Cum</strong></span> <span class='ocrx_word' id='word_1_13' title='bbox 948 423 1125 516; x_wconf 87' lang='lat' dir='ltr'><strong>Scaligero</strong></span> <span class='ocrx_word' id='word_1_14' title='bbox 1143 424 1270 495; x_wconf 83' lang='lat' dir='ltr'><strong>faciunt</strong></span> 
     </span>
     <span class='ocr_line' id='line_1_3' title="bbox 143 523 1330 620; baseline 0.003 -24"><span class='ocrx_word' id='word_1_15' title='bbox 143 524 306 601; x_wconf 78' lang='lat' dir='ltr'><strong>Ducerius</strong></span> <span class='ocrx_word' id='word_1_16' title='bbox 335 523 378 592; x_wconf 90' lang='lat' dir='ltr'><strong>ad</strong></span> <span class='ocrx_word' id='word_1_17' title='bbox 401 524 540 593; x_wconf 82' lang='lat' dir='ltr'><strong>Festum</strong></span> <span class='ocrx_word' id='word_1_18' title='bbox 561 525 645 612; x_wconf 83' lang='grc' dir='ltr'><strong>Ι,ο.,</strong></span> <span class='ocrx_word' id='word_1_19' title='bbox 679 525 864 593; x_wconf 88' lang='lat' dir='ltr'><strong>Scriverius</strong></span> <span class='ocrx_word' id='word_1_20' title='bbox 888 524 933 592; x_wconf 91' lang='lat' dir='ltr'><strong>ad</strong></span> <span class='ocrx_word' id='word_1_21' title='bbox 952 527 1077 594; x_wconf 78' lang='lat' dir='ltr'><strong>Auson.</strong></span> <span class='ocrx_word' id='word_1_22' title='bbox 1104 529 1177 596; x_wconf 88' lang='lat' dir='ltr'><strong>lc.</strong></span> <span class='ocrx_word' id='word_1_23' title='bbox 1210 531 1268 620; x_wconf 91' lang='lat' dir='ltr'><strong>qui</strong></span> <span class='ocrx_word' id='word_1_24' title='bbox 1327 542 1330 547; x_wconf 83' lang='lat'>&#39;</span> 
     </span>
     <span class='ocr_line' id='line_1_4' title="bbox 142 624 1266 723; baseline 0.002 -26"><span class='ocrx_word' id='word_1_25' title='bbox 142 628 268 697; x_wconf 85' lang='lat' dir='ltr'><strong>nescio</strong></span> <span class='ocrx_word' id='word_1_26' title='bbox 271 649 338 716; x_wconf 88' lang='lat' dir='ltr'><strong>qua</strong></span> <span class='ocrx_word' id='word_1_27' title='bbox 351 628 547 709; x_wconf 79' lang='lat' dir='ltr'><strong>auctoritate</strong></span> <span class='ocrx_word' id='word_1_28' title='bbox 560 628 644 719; x_wconf 87' lang='lat' dir='ltr'><strong>legit</strong></span> <span class='ocrx_word' id='word_1_29' title='bbox 657 624 847 723; x_wconf 67' lang='lat' dir='ltr'><strong>offendent,</strong></span> <span class='ocrx_word' id='word_1_30' title='bbox 874 637 908 696; x_wconf 89' lang='lat' dir='ltr'><strong>et</strong></span> <span class='ocrx_word' id='word_1_31' title='bbox 919 627 1097 719; x_wconf 87' lang='lat' dir='ltr'><strong>Forcellini</strong></span> <span class='ocrx_word' id='word_1_32' title='bbox 1109 631 1266 701; x_wconf 84' lang='lat' dir='ltr'><strong>inLexic.</strong></span> 
     </span>
     <span class='ocr_line' id='line_1_5' title="bbox 142 712 1265 825; baseline 0.001 -24"><span class='ocrx_word' id='word_1_33' title='bbox 142 752 225 801; x_wconf 79' lang='lat' dir='ltr'><strong>av.</strong></span> <span class='ocrx_word' id='word_1_34' title='bbox 249 729 454 819; x_wconf 82' lang='lat' dir='ltr'><strong>redioiosas.</strong></span> <span class='ocrx_word' id='word_1_35' title='bbox 507 728 633 799; x_wconf 82' lang='lat' dir='ltr'><strong>Contra</strong></span> <span class='ocrx_word' id='word_1_36' title='bbox 649 730 694 798; x_wconf 87' lang='lat' dir='ltr'><strong>G</strong></span> <span class='ocrx_word' id='word_1_37' title='bbox 709 729 917 801; x_wconf 70' lang='lat' dir='ltr'><strong>[Vossius</strong></span> <span class='ocrx_word' id='word_1_38' title='bbox 907 751 941 797; x_wconf 89' lang='grc' dir='ltr'><strong>ιιι</strong></span> <span class='ocrx_word' id='word_1_39' title='bbox 955 712 1108 825; x_wconf 82' lang='lat' dir='ltr'><strong>Castigg</strong></span> <span class='ocrx_word' id='word_1_40' title='bbox 1128 734 1265 819; x_wconf 81' lang='lat' dir='ltr'><strong>etNott</strong></span> 
     </span>
     <span class='ocr_line' id='line_1_6' title="bbox 139 830 1265 925; baseline 0.004 -26"><span class='ocrx_word' id='word_1_41' title='bbox 139 856 177 925; x_wconf 92' lang='lat' dir='ltr'><strong>p.</strong></span> <span class='ocrx_word' id='word_1_42' title='bbox 194 830 255 900; x_wconf 78' lang='lat'><strong>12.</strong></span> <span class='ocrx_word' id='word_1_43' title='bbox 280 831 349 900; x_wconf 93' lang='lat' dir='ltr'><strong>hoc</strong></span> <span class='ocrx_word' id='word_1_44' title='bbox 372 854 508 923; x_wconf 89' lang='lat' dir='ltr'><strong>quoque</strong></span> <span class='ocrx_word' id='word_1_45' title='bbox 519 831 763 924; x_wconf 87' lang='lat' dir='ltr'><strong>Fragmentum</strong></span> <span class='ocrx_word' id='word_1_46' title='bbox 776 834 874 901; x_wconf 84' lang='lat' dir='ltr'><strong>Livio</strong></span> <span class='ocrx_word' id='word_1_47' title='bbox 891 832 1084 902; x_wconf 82' lang='lat' dir='ltr'><strong>Andronico</strong></span> <span class='ocrx_word' id='word_1_48' title='bbox 1110 835 1265 921; x_wconf 86' lang='lat' dir='ltr'><strong>vindicat,</strong></span> 
     </span>
    </p>
   </div>
   <div class='ocr_carea' id='block_1_3' title="bbox 23 935 1265 1027">
    <p class='ocr_par' dir='ltr' id='par_1_3' title="bbox 23 935 1265 1027">
     <span class='ocr_line' id='line_1_7' title="bbox 23 935 1265 1027; baseline 0.002 -23"><span class='ocrx_word' id='word_1_49' title='bbox 23 1010 26 1017; x_wconf 59' lang='grc'>,</span> <span class='ocrx_word' id='word_1_50' title='bbox 138 946 177 1005; x_wconf 82' lang='lat' dir='ltr'><strong>et</strong></span> <span class='ocrx_word' id='word_1_51' title='bbox 198 944 327 1004; x_wconf 84' lang='lat' dir='ltr'><strong>temere</strong></span> <span class='ocrx_word' id='word_1_52' title='bbox 349 935 561 1027; x_wconf 90' lang='lat' dir='ltr'><strong>aScaligero</strong></span> <span class='ocrx_word' id='word_1_53' title='bbox 575 935 735 1003; x_wconf 87' lang='lat' dir='ltr'><strong>tributum</strong></span> <span class='ocrx_word' id='word_1_54' title='bbox 757 936 802 1004; x_wconf 91' lang='lat' dir='ltr'><strong>ait</strong></span> <span class='ocrx_word' id='word_1_55' title='bbox 814 935 932 1005; x_wconf 85' lang='lat' dir='ltr'><strong>Laevii</strong></span> <span class='ocrx_word' id='word_1_56' title='bbox 945 935 1040 1003; x_wconf 90' lang='lat' dir='ltr'><strong>lnoni</strong></span> <span class='ocrx_word' id='word_1_57' title='bbox 1054 937 1099 1004; x_wconf 94' lang='lat' dir='ltr'><strong>ob</strong></span> <span class='ocrx_word' id='word_1_58' title='bbox 1113 938 1265 1006; x_wconf 85' lang='lat' dir='ltr'><strong>Scazon-</strong></span> 
     </span>
    </p>
   </div>
   <div class='ocr_carea' id='block_1_4' title="bbox 29 1036 1269 4324">
    <p class='ocr_par' dir='ltr' id='par_1_4' title="bbox 134 1036 1269 1850">
     <span class='ocr_line' id='line_1_8' title="bbox 137 1036 1265 1131; baseline 0.003 -26"><span class='ocrx_word' id='word_1_59' title='bbox 137 1046 228 1121; x_wconf 76' lang='lat' dir='ltr'><strong>tam3</strong></span> <span class='ocrx_word' id='word_1_60' title='bbox 252 1039 325 1131; x_wconf 88' lang='lat' dir='ltr'><strong>ipse</strong></span> <span class='ocrx_word' id='word_1_61' title='bbox 340 1036 424 1107; x_wconf 91' lang='lat' dir='ltr'><strong>illud</strong></span> <span class='ocrx_word' id='word_1_62' title='bbox 438 1047 609 1130; x_wconf 85' lang='lat' dir='ltr'><strong>sumptum</strong></span> <span class='ocrx_word' id='word_1_63' title='bbox 624 1038 787 1107; x_wconf 81' lang='lat' dir='ltr'><strong>existimat</strong></span> <span class='ocrx_word' id='word_1_64' title='bbox 800 1060 869 1107; x_wconf 90' lang='lat' dir='ltr'><strong>non</strong></span> <span class='ocrx_word' id='word_1_65' title='bbox 885 1048 954 1106; x_wconf 86' lang='lat' dir='ltr'><strong>tam</strong></span> <span class='ocrx_word' id='word_1_66' title='bbox 968 1061 1011 1107; x_wconf 87' lang='lat' dir='ltr'><strong>ex</strong></span> <span class='ocrx_word' id='word_1_67' title='bbox 1023 1039 1138 1109; x_wconf 75' lang='lat' dir='ltr'><strong>fabula</strong></span> <span class='ocrx_word' id='word_1_68' title='bbox 1152 1040 1265 1131; x_wconf 91' lang='lat' dir='ltr'><strong>aliqua</strong></span> 
     </span>
     <span class='ocr_line' id='line_1_9' title="bbox 139 1137 1260 1234; baseline 0 -24"><span class='ocrx_word' id='word_1_69' title='bbox 139 1142 200 1217; x_wconf 64' lang='lat' dir='ltr'><strong>,vel</strong></span> <span class='ocrx_word' id='word_1_70' title='bbox 210 1164 253 1209; x_wconf 83' lang='lat' dir='ltr'><strong>eu</strong></span> <span class='ocrx_word' id='word_1_71' title='bbox 265 1141 338 1234; x_wconf 88' lang='lat' dir='ltr'><strong>ejus</strong></span> <span class='ocrx_word' id='word_1_72' title='bbox 354 1137 531 1231; x_wconf 75' lang='lat' dir='ltr'><strong>Odyssea,</strong></span> <span class='ocrx_word' id='word_1_73' title='bbox 546 1164 659 1231; x_wconf 85' lang='lat' dir='ltr'><strong>¹qnam</strong></span> <span class='ocrx_word' id='word_1_74' title='bbox 673 1163 716 1210; x_wconf 84' lang='lat' dir='ltr'><strong>cx</strong></span> <span class='ocrx_word' id='word_1_75' title='bbox 736 1141 945 1233; x_wconf 78' lang='lat' dir='ltr'><strong>praefatione</strong></span> <span class='ocrx_word' id='word_1_76' title='bbox 957 1142 1056 1232; x_wconf 91' lang='lat' dir='ltr'><strong>operi</strong></span> <span class='ocrx_word' id='word_1_77' title='bbox 1069 1143 1260 1234; x_wconf 78' lang='lat' dir='ltr'><strong>praemissa,</strong></span> 
     </span>
     <span class='ocr_line' id='line_1_10' title="bbox 136 1242 1262 1343; baseline -0.001 -30"><span class='ocrx_word' id='word_1_78' title='bbox 136 1242 301 1343; x_wconf 78' lang='lat' dir='ltr'><strong>Id&#39;enim,</strong></span> <span class='ocrx_word' id='word_1_79' title='bbox 326 1243 442 1333; x_wconf 75' lang='lat' dir='ltr'><strong>iuquit,</strong></span> <span class='ocrx_word' id='word_1_80' title='bbox 468 1244 572 1313; x_wconf 86' lang='lat' dir='ltr'><strong>verba</strong></span> <span class='ocrx_word' id='word_1_81' title='bbox 586 1245 662 1335; x_wconf 86' lang='lat' dir='ltr'><strong>ipsa</strong></span> <span class='ocrx_word' id='word_1_82' title='bbox 681 1242 835 1330; x_wconf 88' lang='lat' dir='ltr'><strong>suadent,</strong></span> <span class='ocrx_word' id='word_1_83' title='bbox 862 1266 949 1334; x_wconf 88' lang='lat' dir='ltr'><strong>quae</strong></span> <span class='ocrx_word' id='word_1_84' title='bbox 964 1246 1165 1327; x_wconf 82' lang='lat' dir='ltr'><strong>conveniunt</strong></span> <span class='ocrx_word' id='word_1_85' title='bbox 1178 1246 1262 1315; x_wconf 86' lang='lat' dir='ltr'><strong>scri·</strong></span> 
     </span>
     <span class='ocr_line' id='line_1_11' title="bbox 134 1346 1263 1440; baseline 0.003 -25"><span class='ocrx_word' id='word_1_86' title='bbox 134 1348 229 1440; x_wconf 77' lang='lat' dir='ltr'><strong>ptori</strong></span> <span class='ocrx_word' id='word_1_87' title='bbox 249 1355 307 1427; x_wconf 81' lang='lat' dir='ltr'><strong>aut</strong></span> <span class='ocrx_word' id='word_1_88' title='bbox 327 1346 502 1438; x_wconf 77' lang='lat' dir='ltr'><strong>interpreti</strong></span> <span class='ocrx_word' id='word_1_89' title='bbox 522 1370 543 1413; x_wconf 90' lang='lat' dir='ltr'><strong>a</strong></span> <span class='ocrx_word' id='word_1_90' title='bbox 567 1347 726 1431; x_wconf 81' lang='lat' dir='ltr'><strong>dictionis-</strong></span> <span class='ocrx_word' id='word_1_91' title='bbox 740 1346 903 1439; x_wconf 83' lang='lat' dir='ltr'><strong>impolitia</strong></span> <span class='ocrx_word' id='word_1_92' title='bbox 928 1370 973 1429; x_wconf 64' lang='lat' dir='ltr'><strong>se²</strong></span> <span class='ocrx_word' id='word_1_93' title='bbox 991 1349 1174 1440; x_wconf 55' lang='lat' dir='ltr'><strong>purgantiss</strong></span> <span class='ocrx_word' id='word_1_94' title='bbox 1210 1350 1263 1418; x_wconf 84' lang='lat' dir='ltr'><strong>Ac</strong></span> 
     </span>
     <span class='ocr_line' id='line_1_12' title="bbox 137 1448 1263 1544; baseline 0.002 -25"><span class='ocrx_word' id='word_1_95' title='bbox 137 1472 183 1519; x_wconf 87' lang='lat' dir='ltr'><strong>na</strong></span> <span class='ocrx_word' id='word_1_96' title='bbox 205 1449 289 1519; x_wconf 90' lang='lat' dir='ltr'><strong>illud</strong></span> <span class='ocrx_word' id='word_1_97' title='bbox 311 1449 448 1539; x_wconf 90' lang='lat' dir='ltr'><strong>quidem</strong></span> <span class='ocrx_word' id='word_1_98' title='bbox 468 1450 548 1529; x_wconf 79' lang='lat' dir='ltr'><strong>satis</strong></span> <span class='ocrx_word' id='word_1_99' title='bbox 574 1472 647 1519; x_wconf 86' lang='lat' dir='ltr'><strong>esse</strong></span> <span class='ocrx_word' id='word_1_100' title='bbox 673 1448 809 1519; x_wconf 87' lang='lat' dir='ltr'><strong>evidens</strong></span> <span class='ocrx_word' id='word_1_101' title='bbox 837 1451 901 1539; x_wconf 77' lang='lat' dir='ltr'><strong>ait„</strong></span> <span class='ocrx_word' id='word_1_102' title='bbox 925 1450 1071 1519; x_wconf 86' lang='lat' dir='ltr'><strong>fueritne</strong></span> <span class='ocrx_word' id='word_1_103' title='bbox 1097 1451 1263 1544; x_wconf 85' lang='lat' dir='ltr'><strong>praefatio</strong></span> 
     </span>
     <span class='ocr_line' id='line_1_13' title="bbox 134 1552 1269 1645; baseline 0.004 -25"><span class='ocrx_word' id='word_1_104' title='bbox 134 1553 218 1641; x_wconf 81' lang='lat' dir='ltr'><strong>iata.</strong></span> <span class='ocrx_word' id='word_1_105' title='bbox 225 1554 355 1635; x_wconf 81' lang='lat' dir='ltr'><strong>vincta,</strong></span> <span class='ocrx_word' id='word_1_106' title='bbox 379 1575 424 1620; x_wconf 88' lang='lat' dir='ltr'><strong>an</strong></span> <span class='ocrx_word' id='word_1_107' title='bbox 438 1552 547 1621; x_wconf 89' lang='lat' dir='ltr'><strong>soluta</strong></span> <span class='ocrx_word' id='word_1_108' title='bbox 565 1553 715 1625; x_wconf 87' lang='lat' dir='ltr'><strong>oratione</strong></span> <span class='ocrx_word' id='word_1_109' title='bbox 738 1552 880 1645; x_wconf 88' lang='lat' dir='ltr'><strong>scripta,</strong></span> <span class='ocrx_word' id='word_1_110' title='bbox 899 1570 989 1621; x_wconf 90' lang='lat' dir='ltr'><strong>cum</strong></span> <span class='ocrx_word' id='word_1_111' title='bbox 1003 1552 1138 1622; x_wconf 86' lang='lat' dir='ltr'><strong>summis</strong></span> <span class='ocrx_word' id='word_1_112' title='bbox 1162 1555 1269 1637; x_wconf 86' lang='lat' dir='ltr'><strong>ctiam</strong></span> 
     </span>
     <span class='ocr_line' id='line_1_14' title="bbox 138 1654 1262 1746; baseline 0.002 -21"><span class='ocrx_word' id='word_1_113' title='bbox 138 1657 324 1737; x_wconf 83' lang='lat' dir='ltr'><strong>oratoribus</strong></span> <span class='ocrx_word' id='word_1_114' title='bbox 351 1654 477 1746; x_wconf 85' lang='lat' dir='ltr'><strong>passim</strong></span> <span class='ocrx_word' id='word_1_115' title='bbox 503 1678 618 1723; x_wconf 83' lang='lat' dir='ltr'><strong>versus</strong></span> <span class='ocrx_word' id='word_1_116' title='bbox 650 1655 811 1724; x_wconf 83' lang='lat' dir='ltr'><strong>excidisse</strong></span> <span class='ocrx_word' id='word_1_117' title='bbox 840 1665 978 1725; x_wconf 83' lang='lat' dir='ltr'><strong>constet</strong></span> <span class='ocrx_word' id='word_1_118' title='bbox 1029 1656 1262 1727; x_wconf 82' lang='lat' dir='ltr'><strong>Praefationer</strong></span> 
     </span>
     <span class='ocr_line' id='line_1_15' title="bbox 137 1758 1261 1850; baseline -0.001 -22.999"><span class='ocrx_word' id='word_1_119' title='bbox 137 1781 220 1839; x_wconf 66' lang='lat' dir='ltr'><strong>uero</strong></span> <span class='ocrx_word' id='word_1_120' title='bbox 243 1758 366 1826; x_wconf 83' lang='lat' dir='ltr'><strong>fabulis</strong></span> <span class='ocrx_word' id='word_1_121' title='bbox 392 1758 561 1850; x_wconf 76' lang='lat' dir='ltr'><strong>praemitti</strong></span> <span class='ocrx_word' id='word_1_122' title='bbox 587 1758 714 1845; x_wconf 91' lang='lat' dir='ltr'><strong>solere,</strong></span> <span class='ocrx_word' id='word_1_123' title='bbox 739 1758 845 1827; x_wconf 88' lang='lat' dir='ltr'><strong>fidem</strong></span> <span class='ocrx_word' id='word_1_124' title='bbox 866 1760 986 1827; x_wconf 77' lang='lat' dir='ltr'><strong>fecerit</strong></span> <span class='ocrx_word' id='word_1_125' title='bbox 1009 1760 1065 1827; x_wconf 87' lang='lat' dir='ltr'><strong>vel</strong></span> <span class='ocrx_word' id='word_1_126' title='bbox 1081 1758 1261 1843; x_wconf 82' lang='lat' dir='ltr'><strong>Quintilia-</strong></span> 
     </span>
    </p>

    <p class='ocr_par' dir='ltr' id='par_1_5' title="bbox 137 1842 1261 1956">
     <span class='ocr_line' id='line_1_16' title="bbox 137 1842 1261 1956; baseline 0.002 -27"><span class='ocrx_word' id='word_1_127' title='bbox 137 1858 317 1937; x_wconf 80' lang='lat' dir='ltr'><strong>unsLOr.</strong></span> <span class='ocrx_word' id='word_1_128' title='bbox 334 1860 411 1929; x_wconf 89' lang='lat' dir='ltr'><strong>Lib.</strong></span> <span class='ocrx_word' id='word_1_129' title='bbox 428 1860 518 1929; x_wconf 92' lang='lat' dir='ltr'><strong>Vlll</strong></span> <span class='ocrx_word' id='word_1_130' title='bbox 534 1860 569 1930; x_wconf 97' lang='grc'><strong>3</strong></span> <span class='ocrx_word' id='word_1_131' title='bbox 604 1857 639 1956; x_wconf 83' lang='lat'>§</span> <span class='ocrx_word' id='word_1_132' title='bbox 657 1860 717 1930; x_wconf 89' lang='grc'><strong>31</strong></span> <span class='ocrx_word' id='word_1_133' title='bbox 744 1859 843 1941; x_wconf 80' lang='lat' dir='ltr'><strong>Num</strong></span> <span class='ocrx_word' id='word_1_134' title='bbox 870 1842 1013 1931; x_wconf 86' lang='lat' dir='ltr'><strong>memini</strong></span> <span class='ocrx_word' id='word_1_135' title='bbox 1034 1856 1261 1953; x_wconf 74' lang='lat' dir='ltr'><strong>juvenisad</strong></span> 
     </span>
    </p>

    <p class='ocr_par' dir='ltr' id='par_1_6' title="bbox 136 1962 1260 2067">
     <span class='ocr_line' id='line_1_17' title="bbox 136 1962 1260 2067; baseline 0.001 -34"><span class='ocrx_word' id='word_1_136' title='bbox 136 1964 282 2033; x_wconf 85' lang='lat' dir='ltr'><strong>modum</strong></span> <span class='ocrx_word' id='word_1_137' title='bbox 294 1965 386 2033; x_wconf 78' lang='lat' dir='ltr'><strong>iuter</strong></span> <span class='ocrx_word' id='word_1_138' title='bbox 401 1963 634 2056; x_wconf 84' lang='lat' dir='ltr'><strong>Pomponiam</strong></span> <span class='ocrx_word' id='word_1_139' title='bbox 648 1986 695 2033; x_wconf 86' lang='lat' dir='ltr'><strong>uc</strong></span> <span class='ocrx_word' id='word_1_140' title='bbox 710 1962 887 2034; x_wconf 81' lang='lat' dir='ltr'><strong>Senecam</strong></span> <span class='ocrx_word' id='word_1_141' title='bbox 903 1965 1012 2033; x_wconf 82' lang='lat' dir='ltr'><strong>etiam</strong></span> <span class='ocrx_word' id='word_1_142' title='bbox 1013 1962 1260 2067; x_wconf 57' lang='lat' dir='ltr'><strong>praefationi</strong></span> 
     </span>
    </p>

    <p class='ocr_par' dir='ltr' id='par_1_7' title="bbox 29 2059 1260 4324">
     <span class='ocr_line' id='line_1_18' title="bbox 136 2059 1260 2160; baseline 0.002 -25"><span class='ocrx_word' id='word_1_143' title='bbox 136 2065 203 2135; x_wconf 85' lang='lat' dir='ltr'><strong>bus</strong></span> <span class='ocrx_word' id='word_1_144' title='bbox 227 2089 302 2137; x_wconf 85' lang='lat' dir='ltr'><strong>esse</strong></span> <span class='ocrx_word' id='word_1_145' title='bbox 326 2074 538 2155; x_wconf 78' lang='lat' dir='ltr'><strong>tractatam,</strong></span> <span class='ocrx_word' id='word_1_146' title='bbox 564 2090 613 2135; x_wconf 83' lang='lat' dir='ltr'><strong>oa</strong></span> <span class='ocrx_word' id='word_1_147' title='bbox 635 2068 762 2159; x_wconf 75' lang='lat' dir='ltr'><strong>gradum</strong></span> <span class='ocrx_word' id='word_1_148' title='bbox 789 2068 954 2156; x_wconf 82' lang='lat' dir='ltr'><strong>eliminat,</strong></span> <span class='ocrx_word' id='word_1_149' title='bbox 972 2068 1091 2160; x_wconf 74' lang='lat' dir='ltr'><strong>opud</strong></span> <span class='ocrx_word' id='word_1_150' title='bbox 1108 2059 1260 2137; x_wconf 85' lang='lat' dir='ltr'><strong>Accium</strong></span> 
     </span>
     <span class='ocr_line' id='line_1_19' title="bbox 135 2168 1260 2263; baseline 0 -24"><span class='ocrx_word' id='word_1_151' title='bbox 135 2169 174 2239; x_wconf 81' lang='lat' dir='ltr'><strong>ia</strong></span> <span class='ocrx_word' id='word_1_152' title='bbox 198 2168 408 2263; x_wconf 65' lang='lat' dir='ltr'><strong>tragoedia</strong></span> <span class='ocrx_word' id='word_1_153' title='bbox 439 2171 513 2240; x_wconf 82' lang='lat' dir='ltr'><strong>dici</strong></span> <span class='ocrx_word' id='word_1_154' title='bbox 543 2171 761 2263; x_wconf 79' lang='lat' dir='ltr'><strong>oportuisset.</strong></span> <span class='ocrx_word' id='word_1_155' title='bbox 812 2170 911 2263; x_wconf 87' lang='lat' dir='ltr'><strong>Haec</strong></span> <span class='ocrx_word' id='word_1_156' title='bbox 930 2170 1085 2256; x_wconf 81' lang='lat' dir='ltr'><strong>Vossius,</strong></span> <span class='ocrx_word' id='word_1_157' title='bbox 1124 2172 1199 2260; x_wconf 91' lang='lat' dir='ltr'><strong>qui,</strong></span> <span class='ocrx_word' id='word_1_158' title='bbox 1231 2172 1260 2261; x_wconf 82' lang='lat' dir='ltr'><strong>si</strong></span> 
     </span>
     <span class='ocr_line' id='line_1_20' title="bbox 134 2272 1259 2365; baseline 0.002 -24"><span class='ocrx_word' id='word_1_159' title='bbox 134 2272 218 2363; x_wconf 82' lang='lat' dir='ltr'><strong>quid</strong></span> <span class='ocrx_word' id='word_1_160' title='bbox 232 2272 371 2365; x_wconf 90' lang='lat' dir='ltr'><strong>judico,</strong></span> <span class='ocrx_word' id='word_1_161' title='bbox 398 2272 589 2357; x_wconf 83' lang='lat' dir='ltr'><strong>Quintiliani</strong></span> <span class='ocrx_word' id='word_1_162' title='bbox 605 2275 735 2360; x_wconf 90' lang='lat' dir='ltr'><strong>locum,</strong></span> <span class='ocrx_word' id='word_1_163' title='bbox 760 2273 795 2341; x_wconf 89' lang='lat' dir='ltr'><strong>in</strong></span> <span class='ocrx_word' id='word_1_164' title='bbox 819 2296 889 2364; x_wconf 91' lang='lat' dir='ltr'><strong>quo</strong></span> <span class='ocrx_word' id='word_1_165' title='bbox 901 2297 955 2343; x_wconf 86' lang='lat' dir='ltr'><strong>vv.</strong></span> <span class='ocrx_word' id='word_1_166' title='bbox 981 2274 1084 2365; x_wconf 80' lang='lat' dir='ltr'><strong>apud</strong></span> <span class='ocrx_word' id='word_1_167' title='bbox 1107 2273 1259 2343; x_wconf 83' lang='lat' dir='ltr'><strong>Accium</strong></span> 
     </span>
     <span class='ocr_line' id='line_1_21' title="bbox 135 2375 1258 2469; baseline -0.003 -23"><span class='ocrx_word' id='word_1_168' title='bbox 135 2375 246 2447; x_wconf 80' lang='lat' dir='ltr'><strong>coda</strong></span> <span class='ocrx_word' id='word_1_169' title='bbox 254 2375 354 2468; x_wconf 88' lang='lat' dir='ltr'><strong>jussa</strong></span> <span class='ocrx_word' id='word_1_170' title='bbox 366 2377 474 2445; x_wconf 88' lang='lat' dir='ltr'><strong>omisit</strong></span> <span class='ocrx_word' id='word_1_171' title='bbox 481 2377 709 2469; x_wconf 88' lang='lat' dir='ltr'><strong>Spaldingius,</strong></span> <span class='ocrx_word' id='word_1_172' title='bbox 718 2399 900 2468; x_wconf 84' lang='lat' dir='ltr'><strong>perperam</strong></span> <span class='ocrx_word' id='word_1_173' title='bbox 916 2376 960 2446; x_wconf 89' lang='lat' dir='ltr'><strong>de</strong></span> <span class='ocrx_word' id='word_1_174' title='bbox 973 2377 1164 2446; x_wconf 85' lang='lat' dir='ltr'><strong>fabularum</strong></span> <span class='ocrx_word' id='word_1_175' title='bbox 1178 2376 1258 2453; x_wconf 87' lang='lat' dir='ltr'><strong>dra-</strong></span> 
     </span>
     <span class='ocr_line' id='line_1_22' title="bbox 132 2474 1259 2571; baseline 0 -22"><span class='ocrx_word' id='word_1_176' title='bbox 132 2480 328 2559; x_wconf 85' lang='lat' dir='ltr'><strong>maticorum</strong></span> <span class='ocrx_word' id='word_1_177' title='bbox 341 2480 604 2571; x_wconf 81' lang='lat' dir='ltr'><strong>praefationibus</strong></span> <span class='ocrx_word' id='word_1_178' title='bbox 620 2481 783 2571; x_wconf 84' lang='lat' dir='ltr'><strong>intelligit,</strong></span> <span class='ocrx_word' id='word_1_179' title='bbox 803 2481 839 2549; x_wconf 90' lang='lat' dir='ltr'><strong>in</strong></span> <span class='ocrx_word' id='word_1_180' title='bbox 855 2474 976 2569; x_wconf 88' lang='lat' dir='ltr'><strong>quibus</strong></span> <span class='ocrx_word' id='word_1_181' title='bbox 995 2482 1259 2549; x_wconf 85' lang='lat' dir='ltr'><strong>obtrectatorum</strong></span> 
     </span>
     <span class='ocr_line' id='line_1_23' title="bbox 134 2582 1258 2674; baseline 0 -23"><span class='ocrx_word' id='word_1_182' title='bbox 134 2583 272 2651; x_wconf 86' lang='lat' dir='ltr'><strong>crimina</strong></span> <span class='ocrx_word' id='word_1_183' title='bbox 287 2591 321 2650; x_wconf 91' lang='lat' dir='ltr'><strong>et</strong></span> <span class='ocrx_word' id='word_1_184' title='bbox 333 2583 489 2651; x_wconf 85' lang='lat' dir='ltr'><strong>invidiam</strong></span> <span class='ocrx_word' id='word_1_185' title='bbox 510 2606 532 2650; x_wconf 91' lang='lat' dir='ltr'><strong>a</strong></span> <span class='ocrx_word' id='word_1_186' title='bbox 553 2606 590 2651; x_wconf 87' lang='lat' dir='ltr'><strong>se</strong></span> <span class='ocrx_word' id='word_1_187' title='bbox 610 2584 773 2674; x_wconf 80' lang='lat' dir='ltr'><strong>repulisse</strong></span> <span class='ocrx_word' id='word_1_188' title='bbox 795 2593 914 2673; x_wconf 85' lang='lat' dir='ltr'><strong>poetas</strong></span> <span class='ocrx_word' id='word_1_189' title='bbox 936 2584 1024 2668; x_wconf 89' lang='lat' dir='ltr'><strong>scio,</strong></span> <span class='ocrx_word' id='word_1_190' title='bbox 1051 2582 1113 2651; x_wconf 89' lang='lat' dir='ltr'><strong>sed</strong></span> <span class='ocrx_word' id='word_1_191' title='bbox 1130 2583 1258 2651; x_wconf 89' lang='lat' dir='ltr'><strong>ibidem</strong></span> 
     </span>
     <span class='ocr_line' id='line_1_24' title="bbox 134 2683 1256 2779; baseline 0.002 -26"><span class='ocrx_word' id='word_1_192' title='bbox 134 2685 178 2754; x_wconf 87' lang='lat' dir='ltr'><strong>de</strong></span> <span class='ocrx_word' id='word_1_193' title='bbox 188 2685 422 2753; x_wconf 86' lang='lat' dir='ltr'><strong>Grammaticis</strong></span> <span class='ocrx_word' id='word_1_194' title='bbox 436 2687 533 2778; x_wconf 86' lang='lat' dir='ltr'><strong>nugis</strong></span> <span class='ocrx_word' id='word_1_195' title='bbox 547 2709 709 2775; x_wconf 87' lang='lat' dir='ltr'><strong>umquam</strong></span> <span class='ocrx_word' id='word_1_196' title='bbox 723 2684 928 2777; x_wconf 85' lang='lat' dir='ltr'><strong>disceptasse</strong></span> <span class='ocrx_word' id='word_1_197' title='bbox 936 2683 1144 2779; x_wconf 86' lang='lat' dir='ltr'><strong>confidenter</strong></span> <span class='ocrx_word' id='word_1_198' title='bbox 1154 2708 1256 2777; x_wconf 89' lang='lat' dir='ltr'><strong>nego.</strong></span> 
     </span>
     <span class='ocr_line' id='line_1_25' title="bbox 131 2787 1258 2881; baseline 0 -24"><span class='ocrx_word' id='word_1_199' title='bbox 131 2787 213 2881; x_wconf 87' lang='lat' dir='ltr'><strong>Ego</strong></span> <span class='ocrx_word' id='word_1_200' title='bbox 229 2788 285 2855; x_wconf 90' lang='lat' dir='ltr'><strong>hic</strong></span> <span class='ocrx_word' id='word_1_201' title='bbox 305 2789 455 2881; x_wconf 82' lang='lat' dir='ltr'><strong>intelligo</strong></span> <span class='ocrx_word' id='word_1_202' title='bbox 469 2791 507 2857; x_wconf 90' lang='lat' dir='ltr'><strong>P.</strong></span> <span class='ocrx_word' id='word_1_203' title='bbox 517 2790 746 2881; x_wconf 86' lang='lat' dir='ltr'><strong>¹Pomponium</strong></span> <span class='ocrx_word' id='word_1_204' title='bbox 759 2789 960 2875; x_wconf 83' lang='lat' dir='ltr'><strong>Secundum·</strong></span> <span class='ocrx_word' id='word_1_205' title='bbox 976 2798 1011 2855; x_wconf 89' lang='lat' dir='ltr'><strong>et</strong></span> <span class='ocrx_word' id='word_1_206' title='bbox 1021 2788 1063 2857; x_wconf 87' lang='lat' dir='ltr'><strong>L.</strong></span> <span class='ocrx_word' id='word_1_207' title='bbox 1080 2789 1258 2857; x_wconf 85' lang='lat' dir='ltr'><strong>Annaeum</strong></span> 
     </span>
     <span class='ocr_line' id='line_1_26' title="bbox 132 2891 1256 2984; baseline -0.002 -23"><span class='ocrx_word' id='word_1_208' title='bbox 132 2892 310 2977; x_wconf 85' lang='lat' dir='ltr'><strong>Senecam,</strong></span> <span class='ocrx_word' id='word_1_209' title='bbox 325 2892 594 2983; x_wconf 87' lang='lat' dir='ltr'><strong>Tragoediarnm</strong></span> <span class='ocrx_word' id='word_1_210' title='bbox 606 2893 802 2984; x_wconf 67' lang='lat' dir='ltr'><strong>scriptorem</strong></span> <span class='ocrx_word' id='word_1_211' title='bbox 827 2900 1008 2981; x_wconf 88' lang='lat' dir='ltr'><strong>utrumque</strong></span> <span class='ocrx_word' id='word_1_212' title='bbox 1020 2891 1256 2959; x_wconf 83' lang='lat' dir='ltr'><strong>intermitatur</strong></span> 
     </span>
     <span class='ocr_line' id='line_1_27' title="bbox 133 2994 1256 3087; baseline -0.003 -24"><span class='ocrx_word' id='word_1_213' title='bbox 133 2994 353 3079; x_wconf 76' lang='lat' dir='ltr'><strong>Quintilianus</strong></span> <span class='ocrx_word' id='word_1_214' title='bbox 384 2994 429 3063; x_wconf 91' lang='lat' dir='ltr'><strong>de</strong></span> <span class='ocrx_word' id='word_1_215' title='bbox 460 2994 627 3087; x_wconf 84' lang='lat' dir='ltr'><strong>ejusmodi</strong></span> <span class='ocrx_word' id='word_1_216' title='bbox 651 2995 752 3063; x_wconf 88' lang='lat' dir='ltr'><strong>rebus</strong></span> <span class='ocrx_word' id='word_1_217' title='bbox 781 3017 851 3063; x_wconf 91' lang='lat' dir='ltr'><strong>non</strong></span> <span class='ocrx_word' id='word_1_218' title='bbox 881 2994 986 3063; x_wconf 91' lang='lat' dir='ltr'><strong>modo</strong></span> <span class='ocrx_word' id='word_1_219' title='bbox 1008 2994 1161 3062; x_wconf 86' lang='lat' dir='ltr'><strong>familiari</strong></span> <span class='ocrx_word' id='word_1_220' title='bbox 1181 3016 1256 3061; x_wconf 91' lang='lat' dir='ltr'><strong>ser·</strong></span> 
     </span>
     <span class='ocr_line' id='line_1_28' title="bbox 131 3097 1257 3189; baseline 0 -24"><span class='ocrx_word' id='word_1_221' title='bbox 131 3118 251 3183; x_wconf 86' lang='lat' dir='ltr'><strong>mone,</strong></span> <span class='ocrx_word' id='word_1_222' title='bbox 284 3097 346 3167; x_wconf 87' lang='lat' dir='ltr'><strong>sed</strong></span> <span class='ocrx_word' id='word_1_223' title='bbox 369 3098 750 3189; x_wconf 84' lang='lat' dir='ltr'><strong>etiampraefationibus</strong></span> <span class='ocrx_word' id='word_1_224' title='bbox 772 3097 935 3167; x_wconf 89' lang='lat' dir='ltr'><strong>librorum</strong></span> <span class='ocrx_word' id='word_1_225' title='bbox 958 3105 1137 3165; x_wconf 72' lang='lat' dir='ltr'><strong>mactatum</strong></span> <span class='ocrx_word' id='word_1_226' title='bbox 1162 3119 1257 3179; x_wconf 82' lang='lat' dir='ltr'><strong>esse3</strong></span> 
     </span>
     <span class='ocr_line' id='line_1_29' title="bbox 132 3198 1257 3293; baseline -0.001 -25"><span class='ocrx_word' id='word_1_227' title='bbox 132 3223 235 3290; x_wconf 90' lang='lat' dir='ltr'><strong>quam</strong></span> <span class='ocrx_word' id='word_1_228' title='bbox 249 3201 316 3269; x_wconf 83' lang='lat' dir='ltr'><strong>vim</strong></span> <span class='ocrx_word' id='word_1_229' title='bbox 328 3224 403 3270; x_wconf 83' lang='lat' dir='ltr'><strong>voc.</strong></span> <span class='ocrx_word' id='word_1_230' title='bbox 421 3200 528 3270; x_wconf 82' lang='lat' dir='ltr'><strong>etium</strong></span> <span class='ocrx_word' id='word_1_231' title='bbox 540 3200 810 3293; x_wconf 75' lang='lat' dir='ltr'><strong>lilspaldingio</strong></span> <span class='ocrx_word' id='word_1_232' title='bbox 825 3202 951 3269; x_wconf 92' lang='lat' dir='ltr'><strong>acutius</strong></span> <span class='ocrx_word' id='word_1_233' title='bbox 964 3198 1257 3292; x_wconf 82' lang='lat' dir='ltr'><strong>perspexitWoll-</strong></span> 
     </span>
     <span class='ocr_line' id='line_1_30' title="bbox 131 3301 1256 3395; baseline 0 -24"><span class='ocrx_word' id='word_1_234' title='bbox 131 3304 205 3373; x_wconf 85' lang='lat' dir='ltr'><strong>lius.</strong></span> <span class='ocrx_word' id='word_1_235' title='bbox 259 3303 331 3378; x_wconf 88' lang='lat' dir='ltr'><strong>Sed</strong></span> <span class='ocrx_word' id='word_1_236' title='bbox 346 3313 383 3373; x_wconf 91' lang='lat' dir='ltr'><strong>ut</strong></span> <span class='ocrx_word' id='word_1_237' title='bbox 404 3304 560 3391; x_wconf 84' lang='lat' dir='ltr'><strong>redeam,</strong></span> <span class='ocrx_word' id='word_1_238' title='bbox 586 3304 675 3373; x_wconf 90' lang='lat' dir='ltr'><strong>unde</strong></span> <span class='ocrx_word' id='word_1_239' title='bbox 693 3302 862 3395; x_wconf 87' lang='lat' dir='ltr'><strong>digressus</strong></span> <span class='ocrx_word' id='word_1_240' title='bbox 887 3327 980 3391; x_wconf 89' lang='lat' dir='ltr'><strong>sum,</strong></span> <span class='ocrx_word' id='word_1_241' title='bbox 1005 3303 1148 3373; x_wconf 88' lang='lat' dir='ltr'><strong>Bothius</strong></span> <span class='ocrx_word' id='word_1_242' title='bbox 1171 3301 1256 3371; x_wconf 88' lang='lat' dir='ltr'><strong>illud</strong></span> 
     </span>
     <span class='ocr_line' id='line_1_31' title="bbox 130 3405 1255 3501; baseline -0.005 -22"><span class='ocrx_word' id='word_1_243' title='bbox 130 3405 374 3499; x_wconf 74' lang='lat' dir='ltr'><strong>Fragmentum</strong></span> <span class='ocrx_word' id='word_1_244' title='bbox 403 3407 535 3477; x_wconf 87' lang='lat' dir='ltr'><strong>incertis</strong></span> <span class='ocrx_word' id='word_1_245' title='bbox 560 3407 647 3477; x_wconf 85' lang='lat' dir='ltr'><strong>Livii</strong></span> <span class='ocrx_word' id='word_1_246' title='bbox 668 3406 853 3475; x_wconf 81' lang='lat' dir='ltr'><strong>Andronici</strong></span> <span class='ocrx_word' id='word_1_247' title='bbox 876 3406 1079 3501; x_wconf 86' lang='lat' dir='ltr'><strong>Tragoediis</strong></span> <span class='ocrx_word' id='word_1_248' title='bbox 1099 3413 1255 3473; x_wconf 87' lang='lat' dir='ltr'><strong>accenset</strong></span> 
     </span>
     <span class='ocr_line' id='line_1_32' title="bbox 130 3508 1253 3603; baseline -0.003 -25"><span class='ocrx_word' id='word_1_249' title='bbox 130 3509 174 3579; x_wconf 91' lang='grc' dir='ltr'><strong>Ν,</strong></span> <span class='ocrx_word' id='word_1_250' title='bbox 189 3509 247 3580; x_wconf 68' lang='lat' dir='ltr'><strong>lt.</strong></span> <span class='ocrx_word' id='word_1_251' title='bbox 267 3510 287 3578; x_wconf 88' lang='lat' dir='ltr'><strong>l</strong></span> <span class='ocrx_word' id='word_1_252' title='bbox 304 3534 332 3579; x_wconf 90' lang='lat' dir='ltr'><strong>c.</strong></span> <span class='ocrx_word' id='word_1_253' title='bbox 358 3534 393 3603; x_wconf 92' lang='lat' dir='ltr'><strong>p.</strong></span> <span class='ocrx_word' id='word_1_254' title='bbox 405 3508 465 3581; x_wconf 71' lang='lat' dir='ltr'><strong>lt.</strong></span> <span class='ocrx_word' id='word_1_255' title='bbox 490 3534 512 3577; x_wconf 91' lang='lat' dir='ltr'><strong>a</strong></span> <span class='ocrx_word' id='word_1_256' title='bbox 536 3532 604 3601; x_wconf 87' lang='lat' dir='ltr'><strong>qno</strong></span> <span class='ocrx_word' id='word_1_257' title='bbox 629 3519 733 3601; x_wconf 90' lang='lat' dir='ltr'><strong>poeta</strong></span> <span class='ocrx_word' id='word_1_258' title='bbox 757 3508 813 3578; x_wconf 88' lang='lat' dir='ltr'><strong>bic</strong></span> <span class='ocrx_word' id='word_1_259' title='bbox 826 3511 970 3597; x_wconf 87' lang='lat' dir='ltr'><strong>Scazon,</strong></span> <span class='ocrx_word' id='word_1_260' title='bbox 995 3533 1109 3579; x_wconf 91' lang='lat' dir='ltr'><strong>meum</strong></span> <span class='ocrx_word' id='word_1_261' title='bbox 1135 3508 1253 3598; x_wconf 88' lang='lat' dir='ltr'><strong>quale-</strong></span> 
     </span>
     <span class='ocr_line' id='line_1_33' title="bbox 131 3610 1253 3705; baseline -0.001 -25"><span class='ocrx_word' id='word_1_262' title='bbox 131 3610 269 3702; x_wconf 86' lang='lat' dir='ltr'><strong>cunque</strong></span> <span class='ocrx_word' id='word_1_263' title='bbox 287 3612 454 3704; x_wconf 87' lang='lat' dir='ltr'><strong>judicium</strong></span> <span class='ocrx_word' id='word_1_264' title='bbox 487 3614 516 3682; x_wconf 90' lang='lat' dir='ltr'><strong>si</strong></span> <span class='ocrx_word' id='word_1_265' title='bbox 547 3636 668 3703; x_wconf 89' lang='lat' dir='ltr'><strong>sequar</strong></span> <span class='ocrx_word' id='word_1_266' title='bbox 699 3635 739 3681; x_wconf 88' lang='lat' dir='ltr'><strong>ac</strong></span> <span class='ocrx_word' id='word_1_267' title='bbox 773 3637 923 3698; x_wconf 89' lang='lat' dir='ltr'><strong>sensum,</strong></span> <span class='ocrx_word' id='word_1_268' title='bbox 961 3612 1087 3705; x_wconf 88' lang='lat' dir='ltr'><strong>duplici</strong></span> <span class='ocrx_word' id='word_1_269' title='bbox 1117 3610 1253 3680; x_wconf 87' lang='lat' dir='ltr'><strong>nomine</strong></span> 
     </span>
     <span class='ocr_line' id='line_1_34' title="bbox 129 3703 1254 3786; baseline -0.002 -3"><span class='ocrx_word' id='word_1_270' title='bbox 129 3715 255 3783; x_wconf 88' lang='lat' dir='ltr'><strong>alienus</strong></span> <span class='ocrx_word' id='word_1_271' title='bbox 280 3726 340 3784; x_wconf 84' lang='lat' dir='ltr'><strong>est</strong></span> <span class='ocrx_word' id='word_1_272' title='bbox 390 3717 541 3786; x_wconf 90' lang='lat' dir='ltr'><strong>Primum</strong></span> <span class='ocrx_word' id='word_1_273' title='bbox 570 3703 664 3785; x_wconf 64' lang='lat' dir='ltr'><strong>enirn⁸</strong></span> <span class='ocrx_word' id='word_1_274' title='bbox 687 3717 808 3785; x_wconf 91' lang='lat' dir='ltr'><strong>mirum</strong></span> <span class='ocrx_word' id='word_1_275' title='bbox 836 3739 893 3786; x_wconf 88' lang='lat' dir='ltr'><strong>me</strong></span> <span class='ocrx_word' id='word_1_276' title='bbox 917 3716 1022 3785; x_wconf 87' lang='lat' dir='ltr'><strong>babet</strong></span> <span class='ocrx_word' id='word_1_277' title='bbox 1046 3716 1149 3784; x_wconf 85' lang='lat' dir='ltr'><strong>laevis</strong></span> <span class='ocrx_word' id='word_1_278' title='bbox 1174 3737 1254 3782; x_wconf 82' lang='lat' dir='ltr'><strong>ver·-</strong></span> 
     </span>
     <span class='ocr_line' id='line_1_35' title="bbox 128 3818 1253 3911; baseline -0.002 -24"><span class='ocrx_word' id='word_1_279' title='bbox 128 3818 251 3887; x_wconf 89' lang='lat' dir='ltr'><strong>borum</strong></span> <span class='ocrx_word' id='word_1_280' title='bbox 275 3820 457 3910; x_wconf 86' lang='lat' dir='ltr'><strong>politorum</strong></span> <span class='ocrx_word' id='word_1_281' title='bbox 482 3821 599 3911; x_wconf 89' lang='lat' dir='ltr'><strong>reique</strong></span> <span class='ocrx_word' id='word_1_282' title='bbox 613 3820 872 3911; x_wconf 77' lang='lat' dir='ltr'><strong>¹aptissimorum</strong></span> <span class='ocrx_word' id='word_1_283' title='bbox 892 3842 1072 3889; x_wconf 91' lang='lat' dir='ltr'><strong>concursus</strong></span> <span class='ocrx_word' id='word_1_284' title='bbox 1086 3841 1126 3885; x_wconf 90' lang='lat' dir='ltr'><strong>ac</strong></span> <span class='ocrx_word' id='word_1_285' title='bbox 1139 3840 1253 3905; x_wconf 88' lang='lat' dir='ltr'><strong>sonus,</strong></span> 
     </span>
     <span class='ocr_line' id='line_1_36' title="bbox 29 3915 1254 4014; baseline -0.001 -25"><span class='ocrx_word' id='word_1_286' title='bbox 29 3915 32 3922; x_wconf 78' lang='grc'><strong>’</strong></span> <span class='ocrx_word' id='word_1_287' title='bbox 129 3922 187 4011; x_wconf 89' lang='lat' dir='ltr'><strong>qui</strong></span> <span class='ocrx_word' id='word_1_288' title='bbox 206 3921 241 3989; x_wconf 92' lang='lat' dir='ltr'><strong>in</strong></span> <span class='ocrx_word' id='word_1_289' title='bbox 269 3922 367 3989; x_wconf 87' lang='lat' dir='ltr'><strong>istam</strong></span> <span class='ocrx_word' id='word_1_290' title='bbox 387 3932 531 3992; x_wconf 71' lang='lat' dir='ltr'><strong>aemtem</strong></span> <span class='ocrx_word' id='word_1_291' title='bbox 556 3925 611 3992; x_wconf 83' lang='lat' dir='ltr'><strong>vix</strong></span> <span class='ocrx_word' id='word_1_292' title='bbox 639 3922 755 4007; x_wconf 82' lang='lat' dir='ltr'><strong>cadat3</strong></span> <span class='ocrx_word' id='word_1_293' title='bbox 788 3946 855 4014; x_wconf 90' lang='lat' dir='ltr'><strong>qua</strong></span> <span class='ocrx_word' id='word_1_294' title='bbox 879 3946 1008 4007; x_wconf 73' lang='lat' dir='ltr'><strong>remon</strong></span> <span class='ocrx_word' id='word_1_295' title='bbox 1029 3922 1146 3990; x_wconf 88' lang='lat' dir='ltr'><strong>dubito</strong></span> <span class='ocrx_word' id='word_1_296' title='bbox 1172 3922 1254 4011; x_wconf 85' lang='lat' dir='ltr'><strong>quin</strong></span> 
     </span>
     <span class='ocr_line' id='line_1_37' title="bbox 129 4024 1253 4118; baseline -0.001 -26"><span class='ocrx_word' id='word_1_297' title='bbox 129 4026 230 4095; x_wconf 90' lang='lat' dir='ltr'><strong>etiam</strong></span> <span class='ocrx_word' id='word_1_298' title='bbox 243 4024 398 4118; x_wconf 77' lang='lat' dir='ltr'><strong>Scaliger</strong></span> <span class='ocrx_word' id='word_1_299' title='bbox 413 4036 586 4118; x_wconf 87' lang='lat' dir='ltr'><strong>permotus</strong></span> <span class='ocrx_word' id='word_1_300' title='bbox 601 4028 651 4113; x_wconf 85' lang='lat' dir='ltr'><strong>sit,</strong></span> <span class='ocrx_word' id='word_1_301' title='bbox 677 4027 768 4096; x_wconf 87' lang='lat' dir='ltr'><strong>hunc</strong></span> <span class='ocrx_word' id='word_1_302' title='bbox 789 4050 924 4109; x_wconf 84' lang='lat' dir='ltr'><strong>versum</strong></span> <span class='ocrx_word' id='word_1_303' title='bbox 938 4036 975 4095; x_wconf 91' lang='lat' dir='ltr'><strong>ut</strong></span> <span class='ocrx_word' id='word_1_304' title='bbox 997 4049 1018 4093; x_wconf 91' lang='lat' dir='ltr'><strong>a</strong></span> <span class='ocrx_word' id='word_1_305' title='bbox 1041 4024 1253 4116; x_wconf 86' lang='lat' dir='ltr'><strong>semigraeco</strong></span> 
     </span>
     <span class='ocr_line' id='line_1_38' title="bbox 127 4128 1253 4224; baseline 0 -29"><span class='ocrx_word' id='word_1_306' title='bbox 127 4128 192 4196; x_wconf 90' lang='lat' dir='ltr'><strong>isto</strong></span> <span class='ocrx_word' id='word_1_307' title='bbox 216 4136 321 4219; x_wconf 88' lang='lat' dir='ltr'><strong>poeta</strong></span> <span class='ocrx_word' id='word_1_308' title='bbox 345 4129 506 4221; x_wconf 91' lang='lat' dir='ltr'><strong>scriptum</strong></span> <span class='ocrx_word' id='word_1_309' title='bbox 529 4138 679 4224; x_wconf 85' lang='lat' dir='ltr'><strong>negaret.</strong></span> <span class='ocrx_word' id='word_1_310' title='bbox 729 4130 862 4201; x_wconf 89' lang='lat' dir='ltr'><strong>Deinde</strong></span> <span class='ocrx_word' id='word_1_311' title='bbox 880 4152 1089 4222; x_wconf 75' lang='lat' dir='ltr'><strong>magnopere</strong></span> <span class='ocrx_word' id='word_1_312' title='bbox 1103 4152 1158 4198; x_wconf 91' lang='lat' dir='ltr'><strong>me</strong></span> <span class='ocrx_word' id='word_1_313' title='bbox 1175 4150 1253 4195; x_wconf 91' lang='lat' dir='ltr'><strong>mo·</strong></span> 
     </span>
     <span class='ocr_line' id='line_1_39' title="bbox 129 4232 1251 4324; baseline 0.003 -26"><span class='ocrx_word' id='word_1_314' title='bbox 129 4239 186 4299; x_wconf 87' lang='lat' dir='ltr'><strong>vet</strong></span> <span class='ocrx_word' id='word_1_315' title='bbox 204 4232 306 4323; x_wconf 86' lang='lat' dir='ltr'><strong>ipsius</strong></span> <span class='ocrx_word' id='word_1_316' title='bbox 334 4254 449 4303; x_wconf 86' lang='lat' dir='ltr'><strong>versus</strong></span> <span class='ocrx_word' id='word_1_317' title='bbox 484 4242 520 4302; x_wconf 88' lang='lat' dir='ltr'><strong>et</strong></span> <span class='ocrx_word' id='word_1_318' title='bbox 543 4234 705 4303; x_wconf 88' lang='lat' dir='ltr'><strong>sententia</strong></span> <span class='ocrx_word' id='word_1_319' title='bbox 729 4244 765 4303; x_wconf 92' lang='lat' dir='ltr'><strong>et</strong></span> <span class='ocrx_word' id='word_1_320' title='bbox 790 4235 980 4321; x_wconf 86' lang='lat' dir='ltr'><strong>consilium,</strong></span> <span class='ocrx_word' id='word_1_321' title='bbox 1014 4257 1084 4324; x_wconf 91' lang='lat' dir='ltr'><strong>quo</strong></span> <span class='ocrx_word' id='word_1_322' title='bbox 1109 4232 1251 4324; x_wconf 81' lang='lat' dir='ltr'><strong>scriptas</strong></span> 
     </span>
    </p>
   </div>
   <div class='ocr_carea' id='block_1_5' title="bbox 0 0 1388 4838">
    <p class='ocr_par' dir='ltr' id='par_1_8' title="bbox 0 0 1388 4838">
     <span class='ocr_line' id='line_1_40' title="bbox 0 0 1388 4838; baseline 0 5"><span class='ocrx_word' id='word_1_323' title='bbox 0 0 1388 4838; x_wconf 95' lang='lat' dir='ltr'><strong> </strong></span> 
     </span>
    </p>
   </div>
  </div>
 </body>
</html>
