2768 4838
118 240 197 317 488
238 238 241 243 ’
326 262 374 315 nn
397 262 545 313 marra
568 260 760 313 amusan
782 256 1035 367 Quoue.

120 420 312 494 Callistrato
333 442 368 512 p.
381 418 458 489 LX.
478 419 522 488 N.
541 416 595 505 3.,
622 417 675 488 cui
697 414 846 486 Petronii
875 412 1116 495 atimacho,
1147 414 1251 507 Τρι-

118 525 301 620 μαλκλακ,
326 520 449 591 eodem
465 521 573 590 dictus
592 521 726 590 videtur
745 518 866 609 modo,
892 540 966 609 quo·
987 508 1175 612 Τριφάλης
1203 516 1251 583 ala

121 626 349 719 Aristophane
364 634 400 693 ct
427 622 634 718 aliphanos
649 646 670 692 a
683 620 734 689 M.
749 620 912 723 Terentio
927 620 1090 688 Varrone.
1106 662 1110 675 .
1134 618 1251 705 Recte

119 728 320 801 wolckerus
334 726 379 797 ad
393 726 563 797 Graecam
575 726 662 795 illius
679 724 821 793 nominis
842 724 1009 815 originem
1024 720 1112 790 redit
1127 729 1163 789 et
1180 743 1249 790 no-

120 832 211 903 mina
230 830 395 919 Maleus,
420 828 621 917 Maletum,
649 826 809 897 Molchia
831 827 975 911 confert,
997 846 1064 892 av.
1083 817 1251 915 μαλακδς

119 942 240 1028 aperte
270 932 425 1003 deducta
503 931 600 1002 Idem
629 928 889 1000 accommodate
916 928 1043 1021 allegat
1072 948 1114 995 ex
1133 927 1250 996 Plauti

121 1036 260 1109 Trucut
277 1058 311 1105 v.
327 1029 416 1104 525.
1054 1084 1058 1089 .

181 1172 185 1181 ·
589 1131 678 1202 dlsa'
697 1131 807 1228 patiti
831 1130 917 1203 doai
941 1150 1064 1216 caran,

176 1236 327 1312 Olenum
350 1241 469 1332 utque
483 1256 648 1306 escarum
674 1244 708 1306 et
719 1256 933 1329 poscas-ran,
957 1230 1144 1303 moeclwn
1167 1252 1252 1301 mo-

107 1402 112 1417 .
539 1339 678 1425 λαααια,
705 1338 955 1427 decimatum,

157 1438 461 1513 'Umbraticolnm
468 1493 483 1530 ,
505 1442 824 1535 tysnpuaotribam
846 1462 972 1530 assuas,¹
988 1435 1168 1513 homiaem
1181 1456 1255 1505 noa

320 1606 324 1611 .
536 1545 675 1615 ιιαιιοίἓΙ
694 1584 748 1598 -

123 1650 159 1715 et
183 1664 226 1712 ax
250 1642 371 1712 Naevii
394 1639 560 1737 Lycurgo

174 1744 314 1829 Pullis,
332 1745 520 1838 pelagiis,
546 1746 713 1836 crocotis,
737 1745 903 1817 malacia
927 1741 1174 1815 musicalibus.

123 1847 218 1942 apud
231 1849 379 1917 Nonium
391 1872 418 1920 s.
433 1871 466 1920 v.
482 1850 657 1920 mititiam
674 1874 709 1941 p.
725 1845 814 1936 548,
837 1847 914 1919 21:
930 1870 1018 1916 nam
1038 1847 1087 1915 sic
1105 1844 1254 1913 Rutilius

123 1951 159 2019 in
173 1952 270 2019 Poet.
292 1950 390 2021 Scen
406 1950 483 2019 Lat.
503 1951 582 2022 Vol.
598 1954 643 2023 V.
665 1953 704 2022 P.
719 1952 754 2021 l.
773 1975 810 2045 p.
824 1950 886 2021 88.
906 1951 950 2019 Ν.
970 1949 1031 2019 1².
1052 1970 1097 2017 ex
1118 1947 1256 2017 Veneta

124 2054 233 2120 Piucii
256 2050 362 2120 edidit
390 2053 573 2141 violaciis,
611 2054 821 2145 μαλακίαις,
860 2075 927 2145 pro
959 2054 1053 2144 vulg.
1079 2051 1254 2119 mulatiis.

124 2154 216 2224 Illud
239 2154 480 2223 substantivum
500 2158 655 2249 agnoscit
677 2156 894 2241 Welclrerus,
924 2154 1131 2225 Lambinum
1152 2176 1256 2221 secu-

123 2267 197 2345 tus,
214 2259 324 2331 ctiam
337 2257 432 2350 apud
446 2258 605 2328 Plautum
625 2258 789 2328 Bacchid
812 2282 846 2327 v.
868 2257 929 2327 2⁰.
955 2280 1032 2347 „ae
1053 2254 1119 2325 tibi
1141 2256 1256 2325 lectas

126 2360 325 2431 malaciam
347 2360 449 2453 apud
463 2383 521 2432 me
536 2356 753 2431 suadeat?“
777 2362 837 2428 ubi
855 2361 949 2453 vulg.
971 2359 1150 2429 reditium
1168 2357 1256 2427 milri

126 2487 263 2556 quoque
283 2462 500 2532 uehementer
528 2464 707 2555 displicere
731 2463 851 2531 fateor.
890 2488 895 2497 ·
922 2462 1012 2532 Cum
1037 2458 1161 2531 Naevii
1182 2460 1256 2529 fra·

53 2614 57 2623 -
126 2576 265 2658 gmento
284 2564 376 2633 idem
391 2564 452 2632 Vir
465 2565 594 2634 Doctus
616 2574 792 2656 comparat
805 2565 920 2633 locum
933 2564 1070 2634 Pindari
1091 2565 1193 2633 Nem.
1208 2562 1255 2631 X.

126 2689 160 2737 r.
190 2666 253 2736 44.
279 2667 317 2739 ἐκ
340 2665 379 2737 dl
402 2660 590 2748 Πελλάνας
624 2660 881 2760 ἐπιεσσάμενοι
904 2667 1023 2740 κοῖτον
1051 2670 1256 2757 μαλακαῖσι

127 2762 282 2865 κρόκαις.
333 2767 489 2857 Denique
515 2769 561 2837 ad
583 2770 821 2862 explicandum
841 2769 1099 2837 ‘I'rimalchionis
1129 2791 1258 2857 nomeu

128 2871 298 2964 aptissime
313 2870 630 2961 proferturHoratii
642 2872 849 2942 Malchionis
868 2873 988 2941 tunicis
1009 2870 1161 2941 demusis
1178 2894 1257 2939 am-
1371 2876 1375 2883 '

126 2974 264 3058 buleus,
290 2972 385 3064 cujus
404 2996 528 3042 nomen
550 2997 659 3064 aeque
680 2977 798 3045 fictum
820 2983 872 3044 est
888 2982 924 3044 et
943 2974 1099 3069 ejusdem
1116 2956 1258 3067 originis

128 3099 150 3146 a
211 3075 332 3145 eillud
344 3076 595 3145 Petronianum.

96 3192 99 3197 '
232 3178 318 3262 Quis
345 3179 433 3247 euim
460 3179 531 3267 his,
558 3186 647 3270 quae
668 3177 930 3270 disputavimus,
956 3177 1136 3270 diligenter
1165 3200 1259 3271 per-

128 3280 241 3375 pensis
265 3280 412 3366 dubitet‚
437 3283 519 3372 quin
531 3282 650 3352 lictum
667 3281 752 3350 illud
771 3281 950 3351 Malchiai
970 3304 1093 3351 nomen
1114 3303 1158 3351 ex
1178 3304 1258 3352 voc.

129 3384 310 3470 matoes,
334 3382 474 3455 malcas
494 3384 681 3454 derivatum
703 3393 755 3472 et,
779 3393 817 3452 ut
838 3385 903 3452 alia
918 3384 955 3452 id
977 3408 1085 3477 genus
1107 3385 1259 3470 nomina,

130 3487 307 3558 aMalaco
321 3485 528 3557 Malacinos
549 3497 584 3556 et
605 3486 759 3556 aMalco
783 3486 967 3572 Malciaas
981 3488 1164 3556 formatum
1186 3488 1259 3557 sit?

130 3592 284 3659 Accessit
297 3589 420 3659 deinde
433 3590 632 3686 adspiratio,
649 3592 719 3661 sive
735 3612 778 3659 ex
791 3591 865 3682 ipsa
882 3590 996 3659 radice
1011 3592 1107 3660 verbi
1117 3590 1259 3681 Graeci,

130 3694 219 3762 utin
239 3686 385 3788 μαλάχη
409 3704 444 3762 et
462 3687 667 3787 μαλᾰχιοκ,
692 3692 784 3763 uude
808 3694 901 3787 apud
920 3694 1060 3762 Latinos
1081 3692 1260 3763 molochi-

131 3818 216 3865 nam
237 3803 272 3864 et
291 3796 584 3887 motoctioartus,
609 3806 694 3867 teste
714 3798 827 3865 Nonio
848 3820 882 3890 p.
904 3793 992 3883 548,
1015 3796 1094 3884 14„
1120 3798 1192 3866 sive
1214 3816 1261 3866 ex

131 3899 407 3993 pronuntiationis
428 3901 670 3970 consuetudine
689 3901 863 3993 proiecta,
890 3923 959 3990 qua
976 3901 1105 3970 factum
1122 3908 1194 3990 est,
1218 3910 1262 3967 nt

142 4002 198 4069 rel
212 4025 244 4068 n.
266 4001 466 4073 Graecinus
489 4005 523 4072 in
543 4003 696 4096 inscript.
716 4027 772 4098 ap.
803 4003 938 4085 Gruter.
958 4026 994 4095 p.
1018 4002 1192 4073 CLXXII.
1220 4000 1260 4071 3.

139 4103 365 4175 &necamus
379 4116 551 4175 exaratum
572 4107 771 4177 inveniatur:
796 4106 876 4176 inde
896 4106 1000 4200 igitur
1019 4114 1137 4176 uatum
1153 4104 1264 4175 Mal-

135 4207 276 4292 claiaas,
315 4204 522 4299 Μαλχῖκος,
562 4218 601 4277 ut
626 4213 801 4304 Anniaca,
843 4214 1071 4311 Xapisocfet
1100 4211 1264 4319 Φιλῖνος,
