2768 4838
362 318 436 379 ‚on
458 320 648 385 nors-rnre
672 323 819 377 unaco
842 325 997 379 nonna.
1177 306 1253 383 243

133 498 236 569 qoam
252 476 364 547 moltis
379 477 496 569 eisque
502 454 692 549 illustribus
703 481 936 552 Romanorum
951 482 1082 552 familiis
1098 504 1252 555 occesse-

130 583 191 669 rit,
218 580 358 671 longum
376 589 427 650 est
441 598 652 653 enumerare.
700 582 807 676 Cujus
823 585 1030 678 cognominis
1047 606 1177 656 caussas
1198 597 1251 655 ta-

130 678 228 751 metsi
242 683 389 751 diuersas
406 684 590 754 admodum
603 684 705 753 fuisse
719 687 807 755 bene
819 689 889 756 scio
902 711 1013 779 nequo
1026 689 1070 758 ab
1083 713 1149 759 una
1163 699 1253 759 terra

129 787 232 854 natali
254 786 474 876 repetendas,
500 796 615 864 tameo
631 787 711 856 indo
731 791 775 858 ab
790 784 899 860 aetate
911 792 994 860 Julii
1007 791 1176 878 Caesaris,
1202 795 1252 862 oi-

130 889 266 965 vitatem
281 888 387 958 Gallis
407 889 514 960 effuse
536 891 771 984 impertientis,
796 891 888 961 haud
913 916 1025 985 panca
1040 896 1075 963 in
1089 904 1253 989 promptu

131 1001 206 1060 sunt
229 993 399 1083 exempla,
433 993 570 1083 quibus,
606 1016 694 1083 quae
717 994 803 1081 dixi,
839 996 1056 1066 stabiliantur.
1117 999 1250 1089 Neque,

132 1094 226 1184 quod
247 1095 327 1162 item
350 1096 523 1186 permultis
539 1097 773 1167 Romanorum
793 1100 950 1190 gentibus
975 1097 1167 1170 adhaesisse
1190 1125 1250 1170 ve·

130 1205 203 1267 tera
220 1206 447 1265 contestantur
462 1208 693 1285 monumenta,
719 1198 848 1270 Sabini
868 1224 1059 1295 cognomen
1073 1224 1115 1271 ex
1129 1203 1253 1275 eodem
1306 1283 1309 1287 ,

130 1300 223 1371 fonte
240 1301 420 1367 maximam
435 1311 567 1393 partem
583 1302 735 1371 derivare
750 1303 868 1372 dubito
889 1304 939 1395 ³).

233 1402 453 1494 Quapropter
473 1427 541 1473 non
568 1405 753 1473 verendum
772 1405 855 1474 mihi
875 1414 944 1495 est,
977 1428 1028 1485 ne
1040 1428 1251 1499 magnopere

129 1505 243 1591 fallar,
269 1507 297 1573 si
313 1527 354 1573 ex
371 1506 513 1591 Marsis,
540 1504 626 1597 qdos
643 1507 687 1576 de
701 1516 826 1600 negato
840 1508 902 1577 sibi
915 1507 1053 1576 civitatis
1060 1508 1142 1600 jure
1156 1520 1251 1578 atrox

129 1609 256 1677 bellurn
280 1609 400 1677 fecisse
421 1619 566 1695 constat,
592 1610 694 1680 fuisse
717 1611 870 1702 suspicor
891 1633 969 1697 eos,
996 1611 1055 1703 qui
1073 1611 1251 1703 impetrata

128 1713 261 1780 Romae
292 1712 440 1780 civitate'
455 1711 709 1800 Domitiorum,
750 1712 981 1806 Magimum‚
1021 1711 1252 1784 Octaviorum
1281 1756 1285 1767 .
1332 1754 1336 1764 ·

129 1822 165 1882 et
193 1813 372 1882 Vibiorom
395 1813 619 1901 Marsorum,
653 1836 740 1905 qnos
762 1839 783 1882 a
806 1816 1023 1906 scriptoribus
1047 1827 1251 1888 memoratos

67 1958 70 1963 >
127 1916 290 2009 legimns,
316 1917 495 1983 existerent
508 1925 675 2008 parentes.
725 1917 811 1984 Itna
824 1918 946 1986 Tacito
962 1918 1085 2010 Annal.
1102 1918 1179 1988 Lib.
1190 1920 1249 1989 XI.
1359 1983 1362 1988 .

119 2042 158 2086 c.
177 2019 236 2085 lo.
252 2016 456 2086 memoratur
475 2016 596 2088 Vibius
609 2017 775 2101 Marsico,
802 2020 860 2109 qui
876 2041 906 2087 a
924 2019 970 2090 U.
984 2018 1024 2090 0.
1039 2018 1126 2091 Ί96.
1149 2014 1250 2091 ῙΡῐο-

128 2121 246 2189 consul
270 2121 404 2210 Syriam
432 2122 564 2190 sortitos
591 2121 680 2189 ultra
700 2122 954 2213 quadriennium
983 2122 1137 2196 obtinuit.
1193 2126 1263 2195 Ad

126 2223 218 2292 hunc
234 2245 374 2290 numum
388 2223 517 2291 'liberii
535 2223 578 2291 ab
593 2223 809 2292 Uticensibus
833 2247 949 2292 cusum
970 2225 1076 2293 refert
1093 2225 1202 2295 Liebe
1215 2228 1250 2298 in

130 2320 277 2395 Gothan.
292 2328 432 2395 Numar.
447 2348 482 2417 p.
492 2323 590 2414 299,
605 2334 640 2394 et
653 2325 792 2395 Vsbiom
799 2325 929 2413 Marsi,
943 2338 1031 2416 quae
1045 2321 1080 2395 in
1094 2326 1247 2422 inscript

128 2452 183 2521 ap.
206 2429 340 2496 Gruter.
360 2452 396 2521 p.
422 2428 576 2502 CDLIV.
601 2428 633 2497 l.
656 2429 798 2521 legitur,
829 2428 917 2497 illius
941 2428 1031 2496 Vibii
1049 2430 1154 2497 filiam
1174 2454 1249 2502 esse

127 2532 323 2623 suspicatur.
375 2531 541 2621 ADione
564 2530 659 2600 Cass.
682 2531 776 2600 Libr.
797 2529 938 2604 XLVII.
960 2553 989 2599 c.
1012 2530 1072 2600 30.
1095 2555 1247 2604 comme-

126 2644 275 2702 moratur
297 2627 452 2728 Molossos
475 2628 685 2715 Ὀκταούϊος
711 2626 984 2732 ὑποστρατηγός
1005 2631 1040 2702 h.
1063 2657 1093 2703 e.
1115 2633 1246 2729 legatus
1341 2674 1344 2678 1

126 2735 324 2805 Dolabellae
341 2737 376 2803 iu
391 2737 507 2826 Syria,
529 2738 587 2827 qui
606 2759 675 2805 non
696 2735 837 2804 dubium
858 2745 909 2804 'est
934 2735 1014 2826 quin
1035 2736 1077 2805 sit
1098 2734 1248 2810 Marna
1333 2780 1339 2787 ·

131 2838 316 2919 Octavius,
346 2841 537 2920 ¹sceleratus
557 2841 620 2907 iste
640 2839 727 2906 latro
753 2847 787 2905 ct
811 2860 931 2929 egens,
971 2837 1069 2930 cujus
1095 2844 1246 2911 meminit

126 2942 247 3017 cicero
267 2940 414 3032 Philipp.
429 2942 493 3009 XI.
513 2964 542 3012 c.
562 2940 608 3026 2.,
630 2948 665 3008 et
687 2929 795 3027 idem,
821 2940 878 3029 qui
898 2941 943 3010 ab
959 2939 1118 3032 Appiano
1134 2944 1178 3014 de
1200 2944 1244 3019 B.
1310 2983 1314 2989 ·

127 3045 200 3115 ctv.
221 3045 315 3113 Libr.
343 3044 403 3111 lv.
431 3067 461 3114 c.
486 3041 548 3116 62.
570 3042 762 3135 simpliciter
786 3036 943 3138 Μάρσος
964 3040 1171 3131 nominetur,
1211 3059 1245 3117 et

124 3147 317 3218 Laodiceae
335 3170 356 3214 a
370 3146 488 3215 Cassio
503 3154 624 3238 captae
648 3146 709 3214 sibi
721 3145 796 3238 ipse
816 3166 953 3212 manum
966 3144 1114 3215 intulisse
1128 3141 1244 3217 trada-

125 3240 182 3319 tur
194 3252 246 3342 4).
300 3249 369 3334 Qui
387 3272 469 3320 vero
483 3273 539 3343 ap.
556 3249 690 3318 Gruter.
713 3250 748 3317 in
765 3249 917 3341 Inscript.
933 3270 968 3342 p.
987 3247 1141 3329 CXXVI.
1167 3250 1241 3321 Col.

114 3390 119 3399 ο

126 3408 335 3423 m

126 3484 239 3551 quadam
253 3480 356 3532 feritate
367 3479 543 3545 conjunctum.
576 3480 649 3534 Idem
661 3483 751 3532 orator
767 3477 814 3531 01¹.
832 3477 878 3531 m.
894 3476 920 3530 in
935 3477 1013 3535 catil.
1027 3496 1051 3531 c.
1065 3477 1091 3532 8.
1104 3481 1130 3546 §-
1140 3480 1167 3535 6.
1185 3496 1242 3534 nro-

124 3551 369 3606 morat·Gobiniom
387 3551 531 3614 Cimbrum,
555 3548 685 3603 Catilinae
705 3547 833 3602 scelernm
850 3547 1058 3601 mochinotorem
1080 3547 1242 3616 improbissi-

124 3639 208 3674 mum.
243 3620 360 3686 Denique
376 3620 406 3671 Τ.
424 3620 534 3673 llooioo
547 3619 579 3674 la.
589 3619 623 3674 F.
640 3618 740 3697 Cimber
753 3617 780 3670 in
795 3618 915 3686 inscript.
938 3633 980 3686 op.
995 3614 1101 3670 Gruter.
1119 3635 1146 3687 p.
1161 3621 1240 3677 oux.

125 3692 152 3745 7.
170 3689 309 3744 invenitor.
501 3714 503 3719 >
773 3694 776 3699 '
955 3714 957 3719 ·
1188 3712 1197 3721 -

193 3759 225 3827 t)
259 3758 335 3811 Sireut
349 3772 494 3826 cognomen
509 3756 582 3809 Galli
595 3752 624 3808 in
636 3753 736 3819 Aeliis,
755 3752 870 3817 Aniciis,
887 3751 1021 3817 Antoniis,
1039 3753 1165 3822 Aquiliis,
1182 3758 1242 3810 Asi-

124 3829 190 3892 niis,
215 3828 349 3894 Ausoniis,
374 3824 504 3892 Caniniis,
531 3825 642 3890 cestiis,
664 3822 806 3886 corneliis,
835 3822 936 3887 Didiis,
961 3820 1065 3886 Fobiis,
1092 3825 1241 3892 Herenniisq

126 3897 236 3967 Oppiis,
256 3896 362 3959 Plotiis,
379 3895 497 3958 Rosciis,
515 3893 640 3958 Rubriis,
657 3893 765 3956 Sestlis,
783 3891 921 3958 Sulpitiis,
939 3889 1024 3944 Vibiis
1038 3894 1179 3959 reperitur,
1203 3896 1242 3948 ita

125 3968 218 4022 Sabini
236 3966 392 4034 cognomine
411 3964 493 4016 dictos
517 3963 662 4017 invenimus
681 3961 788 4026 Albion,
816 3960 952 4024 Albulios,
979 3958 1097 4027 Acidios,
1129 3964 1241 4029 (laelios,

125 4037 262 4098 calvicies,
280 4035 410 4095 Clarnlios,
427 4031 541 4093 Clodios,
562 4031 708 4095 Cornelios,
725 4029 868 4093 Domitios,
886 4028 992 4095 Fabios,
1013 4029 1128 4097 Flavios,
1144 4034 1239 4100 Julios,
1292 4060 1296 4069 .

124 4105 310 4176 Nymphidios,
327 4103 439 4156 Vectios.
474 4103 515 4155 cf.
532 4098 687 4168 Glandorpii
701 4099 834 4153 onomast.
849 4116 876 4166 p.
891 4097 953 4153 981.
966 4104 992 4152 et
1005 4097 1066 4151 eat.

193 4176 226 4243 4)
261 4175 350 4239 Quare
364 4188 490 4240 magnam
503 4170 622 4224 veritatis
635 4168 884 4224 commendationem
897 4167 979 4220 habet
990 4168 1140 4234 conjecturo
1155 4170 1244 4224 Geras

124 4242 191 4301 tonii
207 4243 240 4296 od
259 4243 342 4296 Cicer.
355 4242 470 4310 Philipp.
482 4241 501 4294 l.
515 4257 539 4293 o.
556 4241 589 4294 Τ.
604 4239 636 4292 ll.
649 4257 675 4326 p.
685 4239 747 4296 ooo.
761 4237 843 4301 wdt,
859 4235 905 4305 qni
917 4253 959 4303 ap·
975 4235 1086 4288 llionom
1101 4238 1172 4288 coss.
1186 4239 1204 4290 l.
1218 4258 1241 4299 c,

125 4331 175 4385 pro
185 4309 303 4382 Μάρκος
314 4312 492 4381 reponendum
507 4316 594 4366 omont
606 4312 732 4379 Menoec.
766 4304 845 4378 Quod
858 4306 981 4371 mendum
992 4306 1085 4373 promi
1100 4306 1182 4360 dublo
1192 4306 1250 4361 de?
1276 4320 1280 4329 ¹

953 4377 1036 4462 on
