2768 4838
419 334 480 391 nn
519 342 722 393 nnnvro
760 340 945 392 nonan.
1204 312 1270 386 ὅθ’

130 492 300 586 Eqrosuit
316 492 361 562 de
375 480 427 561 his
437 488 596 585 'ampullis
609 500 643 561 et
654 484 941 584 sesquipedalibus
954 488 1066 559 verbis
1078 476 1258 581 poetarum

130 608 285 666 veterum
301 595 345 669 G.
357 596 384 665 l.
401 597 538 665 Vossius
552 596 632 664 Inst
651 595 745 667 orn.
768 596 844 671 lib.
856 593 915 663 lv.
932 591 1017 689 821).
1034 590 1119 665 145.
1140 592 1257 667 T.11l

169 723 219 794 pp
237 800 296 870 111.
342 800 543 894 Fulgentius
555 824 582 871 s.
598 798 831 895 usriguttire
842 827 879 897 p.
895 797 983 886 563,
998 797 1059 868 23.
1111 804 1259 889 „Ennius

134 904 307 978 Celestide
321 904 514 975 comoedia:

615 1004 720 1077 Haec
744 1030 835 1077 anus
859 1007 1055 1079 admodum

289 1106 504 1203 magonia
527 1109 694 1178 nimirum
705 1133 745 1181 oe
758 1112 934 1181 sauciavit
933 1110 1036 1208 flore
1049 1109 1173 1181 Liberi
1178 1116 1214 1192 ;“

135 1221 176 1283 ut
188 1209 277 1282 liaeo
297 1223 421 1305 poetae
435 1213 541 1281 verbu
565 1214 697 1306 scripsit
710 1213 922 1284 Hermannus
942 1218 964 1284 1.
981 1239 1010 1287 o.
1025 1240 1061 1308 p.
1078 1216 1171 1285 xlx.
1221 1214 1275 1283 ln·

136 1318 182 1386 al
199 1316 272 1387 libr.
286 1318 448 1409 seriptum
462 1325 529 1404 est,
560 1315 737 1386 Telestide
754 1327 788 1387 et
799 1316 986 1411 Telespide
999 1320 1054 1387 vol
1068 1316 1271 1404 Alcestida·

124 1418 299 1516 friguttit
320 1430 355 1488 et
376 1420 553 1489 sauciavit
565 1441 613 1488 se.
665 1421 759 1492 Hier.
776 1421 943 1491 Columna
964 1423 1008 1491 ab
1032 1422 1142 1490 Ennio
1156 1422 1262 1490 Aloe-

138 1525 204 1593 stin
223 1523 383 1615 scriptam
398 1531 433 1591 et
445 1545 487 1591 ex
499 1522 686 1615 Euripiden
703 1548 901 1597 cmrversam
923 1550 997 1594 esse
1016 1525 1170 1617 opinatus
1193 1524 1263 1592 lnoo

137 1628 366 1721 fragmentum
379 1627 466 1695 inter
477 1625 633 1695 Enniana
648 1629 778 1720 recepit
789 1652 824 1720 p.
842 1627 927 1700 281.
938 1629 993 1702 ed.
1011 1628 1111 1697 Hess.
1131 1636 1166 1695 et
1184 1648 1261 1700 voe.

139 1728 341 1816 eornoodia,
367 1753 445 1797 oum
459 1729 494 1797 in
510 1730 553 1797 al.
568 1731 641 1799 libr.
657 1731 852 1825 simpliciter
867 1732 903 1801 in
921 1732 1106 1802 Alcestide
1120 1732 1263 1824 legatur,

139 1858 163 1903 a
183 1834 347 1926 quopiam
369 1831 523 1901 additum
545 1832 703 1922 credidit,
737 1835 830 1925 quod
850 1858 892 1903 ea
916 1834 1032 1905 fabula
1050 1837 1176 1929 laetum
1196 1831 1262 1901 ha·
1345 1858 1348 1863 ·

140 1938 238 2005 beret
251 1938 401 2010 exitum·
430 1934 503 2005 Sed
515 1934 692 2006 Alcestidis
705 1925 878 2007 Ennianae
900 1962 978 2006 oum
997 1962 1162 2029 nusquam
1183 1934 1263 2005 alibi

140 2041 268 2127 mentio
277 2040 356 2127 nat,
382 2036 600 2133 etFnlgentii
618 2040 703 2109 fides
724 2042 912 2134 perexigua
931 2042 992 2125 sit3
1024 2065 1144 2129 nemo,
1169 2038 1265 2131 quod

143 2132 263 2231 sciam,
290 2142 493 2212 Columnam
507 2151 638 2212 secutus
661 2152 712 2213 est
723 2140 858 2236 praeter
869 2146 1022 2215 Delrium
1036 2146 1069 2215 in
1086 2146 1263 2236 syntagm

143 2248 205 2316 Tr.
219 2244 260 2320 1..
282 2246 327 2314 T.
346 2245 373 2314 1.
396 2270 433 2338 p.
454 2243 552 2333 tto..
571 2246 629 2338 qui
649 2269 713 2338 pro
727 2248 893 2316 aimirwn
911 2248 1028 2317 maluit
1040 2249 1202 2332 nimium,
1226 2254 1266 2314 ut

143 2352 246 2419 etiam
263 2348 495 2418 Wakefieldns
516 2348 561 2417 ad
587 2348 723 2418 Lueret.
744 2350 803 2419 Ill.
823 2374 857 2424 v.
880 2351 966 2425 222.
998 2360 1032 2419 et
1052 2352 1265 2419 Hermannus

143 2452 371 2545 conjecerunt
423 2452 584 2539 Bothius‚
610 2452 668 2542 qui
685 2452 859 2547 Frigsutit
880 2477 987 2524 -oe
1000 2452 1102 2550 flore
1120 2453 1266 2521 saueiu-

142 2556 197 2627 vit
208 2554 331 2625 Libera·
341 2555 417 2625 vol.
432 2555 474 2624 ll.
488 2555 527 2623 P.
541 2556 568 2623 l.
582 2579 617 2648 p.
634 2555 694 2628 al.
708 2557 805 2651 legit,
830 2557 900 2625 hoo
920 2559 1151 2650 fragmentum·
1166 2554 1267 2623 Ennii

143 2661 254 2751 Trag.
275 2658 438 2749 Reliquiis·
459 2666 553 2726 reete
574 2659 729 2743 exclusit,
776 2670 810 2728 et
831 2684 933 2752 quam
952 2660 1267 2730 temere‘columna

143 2763 246 2833 Ennii
257 2762 364 2831 verba
377 2785 432 2853 ap.
455 2760 586 2832 Charis.
599 2761 691 2834 Libr.
705 2762 746 2832 ll
766 2788 801 2855 p.
817 2762 901 2834 181.
914 2765 952 2836 Ρ.
1003 2762 1179 2853 ,‚Ennins,
1204 2784 1268 2831 seu

145 2865 199 2938 iot
208 2866 284 2935 vita
298 2887 361 2935 sou
375 2885 472 2934 more
487 2864 524 2933 in
535 2864 667 2933 mondo
682 2872 769 2938 est.“
783 2889 824 2935 ex
836 2866 987 2961 Euripid.
1002 2866 1128 2939 Alcest.
1138 2890 1169 2934 v.
1178 2863 1265 2933 288.

146 2992 306 3063 expressa
326 2968 509 3061 putaverit,
542 2969 686 3037 ostendit
704 2967 915 3040 Hermarmus
935 2971 957 3039 l.
980 2994 1009 3040 o.
1027 2996 1063 3065 p.
1084 2970 1178 3057 XX.,
1209 2967 1268 3059 qui

146 3074 236 3143 liaeo
253 3072 360 3142 verba
379 3070 414 3141 iu
434 3072 619 3141 Annalibus
638 3071 727 3140 lecta
748 3083 782 3142 et
795 3075 919 3168 scripta
937 3075 1040 3146 fuisse
1062 3075 1268 3166 suspicatur:

147 3216 207 3230 -·-
220 3172 477 3262 sentimenta,
505 3174 578 3245 Seu
596 3196 693 3244 mors
712 3176 748 3245 in
770 3179 901 3247 mando
915 3185 975 3247 est.
1025 3176 1202 3246 Mercerus
1219 3172 1269 3241 acl

147 3280 308 3373 Fulgent.
321 3292 360 3371 p:
374 3277 460 3352 211.
477 3277 527 3348 de'
539 3278 683 3348 lectione
696 3278 833 3350 Ennius
854 3292 888 3350 et
901 3280 1083 3350 Alcestide
1103 3279 1268 3364 dubitans,

150 3391 259 3452 totum
270 3382 386 3451 locum
400 3392 536 3477 apoeta
549 3383 663 3451 neseio
683 3406 752 3473 quo
767 3384 917 3453 effictum
931 3394 1080 3453 autumat
1105 3406 1146 3451 ex
1159 3380 1270 3451 Plauti

151 3486 265 3556 casin
278 3508 311 3555 v.
326 3480 412 3552 522.
435 3484 440 3497 '
465 3486 553 3556 Hinc
568 3482 722 3555 Osannus
737 3488 770 3554 in
784 3488 880 3556 Anal.
895 3488 976 3557 crit.
994 3512 1031 3581 p.
1046 3485 1080 3556 8.
1102 3487 1146 3554 ab
1159 3484 1270 3554 Ennio

151 3612 267 3681 nequo
282 3588 432 3659 Alcestin
450 3612 561 3681 neque
581 3589 773 3659 comoedias
794 3592 933 3683 scriptas
957 3616 1029 3660 esse
1048 3598 1157 3677 ratus,
1184 3587 1271 3657 Gel-

152 3694 231 3761 liani
248 3714 380 3762 memor
399 3693 466 3761 loci
487 3716 552 3786 pro
573 3691 685 3760 Ennio
712 3694 838 3763 Laevii
863 3718 985 3764 nomen
1005 3690 1273 3763 substituendum

154 3796 292 3866 censuit.
313 3852 316 3863 .
372 3795 485 3880 Quam
508 3797 751 3864 correctionem
770 3798 918 3890 Longius
939 3800 972 3866 in
991 3798 1122 3867 Vindio.
1143 3796 1203 3866 Tr.
1225 3794 1271 3866 R.

152 3924 189 3993 p.
206 3890 265 3967 lo.
280 3898 326 3973 N.
339 3896 400 3966 12.
416 3899 631 3968 audaciorem
651 3899 746 3968 dicit:
771 3921 839 3969 non
858 3902 939 3969 item
958 3925 1042 3994 ego,
1075 3899 1273 3994 praesertim
1337 3990 1340 3995 ⁸

153 4005 189 4072 in
200 4001 371 4095 Fulgentii
383 4002 498 4071 libello
511 4013 581 4073 tam
596 4004 768 4085 ulceroso,
800 4013 900 4094 atque
922 4006 1044 4079 eodem
1061 4005 1166 4073 modo
1191 4026 1274 4070 con-

146 4106 235 4201 jecit
246 4105 458 4177 Hermarmus
480 4107 502 4175 l.
519 4130 569 4192 e.‚
598 4120 700 4198 qoem
719 4105 837 4189 lubens
858 4131 990 4200 sequor.
1042 4108 1188 4178 Illustrat
1206 4106 1275 4174 hoc

153 4212 383 4305 fragmentum
394 4210 624 4278 Wakefielrlus
637 4213 659 4283 l.
676 4234 705 4277 o.
791 4234 793 4239 ’

180 4336 183 4341 ·
252 4314 316 4383 iv,
369 4312 476 4383 vano
491 4313 589 4382 oen.
603 4312 643 4383 n.
657 4292 919 4407 nonna-p.
935 4313 1022 4385 am.
1044 4312 1098 4383 ea.
1112 4306 1274 4406 Spengel.
