2768 4838
125 244 205 324 toa
299 268 369 320 -as
394 270 539 321 naum
563 269 757 323 mamre
781 268 1049 322 numerosa.-

131 420 205 490 aas
225 436 351 510 gagen
377 416 449 485 den
482 416 691 489 Woblstand
711 421 895 513 uastissig
918 438 1021 507 war,
1053 440 1101 487 zu
1121 416 1270 503 tudela·

132 523 293 593 wiewobl
312 519 431 587 dieser
452 518 568 589 Tradet
589 524 684 593 auch
708 526 809 593 einen
830 524 1008 609 Mdceaos
1027 520 1115 615 tros.
1170 520 1267 590 Dies

1 656 3 661 ·
135 628 239 697 licssc
250 622 328 694 sich
340 623 432 691 noch
444 621 631 716 begreisen
644 627 726 709 ,aad
740 626 1032 715 ontscbuldr'genr
1055 645 1267 716 amenego-

135 736 241 812 aetat,
281 726 371 794 dass
393 725 616 817 Maceror,
657 727 731 822 aas
749 730 820 818 dea
843 730 912 798 der
932 728 1048 797 Tradet
1068 728 1264 819 geracem

20 898 23 903 .
134 832 243 925 geht,
270 827 538 897 ciaewirkliobe
554 830 701 902 domata
716 832 863 902 labenda
877 833 1013 901 Persou
1025 852 1115 899 war.
1159 829 1264 899 Aser

136 935 250 1005 nicbts
271 932 371 1000 britte
387 931 458 999 den
471 931 597 1003 Horae
618 937 889 1027 entscbulda'gen
907 934 1060 1018 boacca,
1084 955 1189 1001 werra
1210 954 1262 1019 er,

137 1046 241 1107 anter
254 1036 337 1103 dem
351 1035 569 1103 erdicbteten
577 1036 720 1109 Nomen
733 1038 1048 1120 einesMalclrinus‚
1061 1034 1263 1129 ausseinen

143 1139 365 1210 Woblthdter
381 1138 457 1206 aad
473 1139 621 1210 Freand
637 1143 827 1233 gesticbelt
842 1143 959 1227 britte,
986 1141 1055 1208 der
1077 1138 1166 1208 eben
1190 1140 1262 1207 du-

137 1245 232 1316 mata
256 1243 332 1310 eine
358 1242 427 1310 dar
456 1250 572 1311 ersten
593 1245 773 1314 Persooen
804 1245 852 1312 im
879 1243 1095 1312 Rdmiscben
1116 1242 1266 1329 ¹Reicbe

137 1347 327 1419 oorstettte.
391 1342 476 1414 Seio
494 1346 605 1441 Καρ]
621 1349 696 1417 und
716 1350 790 1418 seia
813 1347 912 1416 Hera
931 1353 1084 1417 naastan
1106 1346 1203 1415 eines
1222 1367 1264 1415 so
1345 1416 1348 1421 .

138 1450 298 1522 scblecbt
311 1468 476 1539 gewesen
489 1469 575 1540 sepa
598 1452 655 1519 als
675 1452 746 1521 dos
761 1451 893 1536 andro,
918 1472 980 1518 um
1001 1449 1098 1518 einer
1116 1449 1265 1517 solebant

139 1549 469 1644 Soarrtlitr‘itsdbig
481 1574 526 1620 zu
545 1558 670 1645 seyn.“
721 1555 810 1622 Huic
830 1552 1083 1621 Wielandianae
1107 1551 1246 1644 disputa

138 1658 222 1727 tioni
236 1656 291 1724 vel
306 1654 505 1722 refutandae
523 1654 578 1723 vel
601 1657 782 1725 elevandae
803 1657 937 1724 minime
960 1656 1146 1741 sufficiunt,
1174 1676 1266 1743 qaae

139 1763 364 1832 Buttmannus
379 1758 558 1846 observat,
582 1783 651 1829 uon
667 1761 888 1852 premendum
905 1760 961 1827 hic
977 1782 1051 1828 esse
1072 1758 1174 1844 stulti
1192 1779 1265 1827 no-
1378 1816 1381 1821 ,

140 1888 238 1943 mea,
263 1884 336 1950 quo
349 1862 496 1929 Romani
513 1864 715 1953 quemlibet,
740 1865 798 1953 qui
818 1872 952 1931 caetera
966 1863 1099 1955 sapiens
1116 1862 1176 1929 vel
1196 1882 1266 1929 una

142 1970 229 2036 inre
242 1963 368 2052 aliquid
389 1963 632 2034 inconsiderate
655 1977 690 2036 et
702 1966 842 2035 ridicule
863 1967 972 2058 egerit
991 1952 1172 2050 dixeritve,
1198 1985 1267 2056 ap-

142 2070 271 2162 pellare
288 2067 546 2139 consuevissent.
582 2070 690 2156 Nam,
703 2080 742 2139 ut
756 2070 826 2138 hoc
840 2092 957 2151 verum
971 2069 1028 2155 sit,
1050 2066 1144 2157 quod
1159 2089 1266 2159 prae-

140 2172 257 2255 sertim
282 2184 331 2238 ex‘
345 2168 537 2237 Stoicorum
569 2172 700 2264 placitis
727 2195 845 2241 verum
865 2195 940 2241 esse
965 2180 1112 2253 constat3
1129 2213 1134 2223 ·
1150 2180 1269 2239 mmeu

84 2368 87 2372 ,
143 2272 311 2368 ejusmodi
318 2272 421 2364 jocus
436 2279 469 2340 et
480 2275 562 2342 tanti
577 2277 640 2344 viri
653 2276 759 2345 irrisio
773 2278 900 2367 scripto
913 2276 1072 2367 evulgata
1079 2296 1150 2341 non
1161 2283 1268 2365 pote-

141 2389 198 2465 ¹rat
219 2400 289 2446 nou
308 2399 383 2444 esse
403 2384 438 2442 et
457 2376 649 2447 offensionis
674 2389 709 2447 et
730 2380 871 2471 periculi
890 2379 1003 2470 plena.
1069 2377 1268 2445 Perridicu·

145 2484 217 2551 lum
232 2488 361 2567 autem,
386 2501 431 2547 ne
452 2481 586 2569 gravim
609 2481 691 2570 quid
714 2481 844 2570 dicam,
869 2491 920 2550 est
942 2480 1036 2571 quod
1057 2480 1205 2548 Decerio
1233 2480 1270 2546 iu

127 2592 293 2665 ¹mentem
311 2578 402 2649 venit
421 2579 590 2671 opinanti,
615 2584 793 2652 Horatium
814 2586 871 2652 illo
897 2585 942 2652 de
961 2583 1166 2652 Maecenate
1178 2582 1268 2674 joco
1350 2576 1354 2591 ’

146 2685 291 2755 blandiri
317 2682 462 2751 voluisse
487 2686 660 2779 Augusto,
700 2687 797 2777 utqui
819 2710 923 2779 saepe
947 2686 1210 2779 reprehenderit
1233 2687 1270 2753 iu

147 2789 350 2858 Maecenate
369 2786 542 2857 mollitiem
564 2799 599 2859 et
624 2791 823 2863 muliebrem
841 2792 994 2860 habitum
1019 2790 1167 2878 ideoque
1187 2812 1269 2857 eum

147 2887 327 2987 μάλαγμα
350 2891 579 2961 moecharum
599 2896 827 2964 nominaverit
891 2896 954 2981 At,
987 2891 1055 2983 quo
1078 2893 1188 2961 Satira
1210 2915 1269 2961 se-

148 2995 260 3065 cunda
275 2993 400 3085 scripta
420 3002 472 3062 est
494 3005 665 3089 tempore,
691 2999 849 3067 Horatius
868 3006 997 3065 tantum
1016 2997 1134 3071 aberat
1154 3003 1193 3085 ut
1215 2994 1271 3064 isti

141 3098 294 3191 paricipi
309 3097 517 3167 blandiretur
540 3108 575 3168 et
595 3099 667 3192 ejus
686 3102 838 3169 favorem
861 3101 1018 3186 ambiret,
1044 3110 1082 3167 ut
1102 3121 1205 3184 eum‚-
1225 3099 1270 3167 li-

146 3201 287 3271 bertatis
302 3201 459 3291 publicae
475 3225 711 3295 oppressorem
723 3226 883 3296 perosus,
910 3227 988 3272 cum
999 3203 1094 3289 alibi,
1109 3211 1183 3279 tum
1200 3201 1271 3269 hac

148 3305 224 3397 ipsa
237 3305 273 3371 in
288 3303 399 3383 Satira
409 3298 498 3372 tecte
512 3315 677 3398 carperet.
727 3309 801 3375 Nec
813 3307 955 3376 multum
968 3306 1078 3393 abest,
1098 3304 1186 3394 ¹quin
1200 3325 1271 3396 ego
1287 3304 1290 3311 ’

146 3409 361 3500 Augustum,
399 3409 520 3497 procul
547 3408 652 3478 dubio
688 3411 746 3477 illa
774 3411 879 3502 louge
916 3398 1020 3478 serius
1055 3408 1271 3495 scribentem,

149 3534 248 3581 suum
260 3508 344 3579 illud
364 3502 540 3603 μάλαγμα
557 3512 786 3582 moechorum
799 3536 863 3605 per
872 3512 994 3606 jocum
1014 3534 1056 3581 ex
1069 3507 1139 3579 hoc
1152 3509 1270 3581 Hora-

149 3614 333 3683 tiauoloco
345 3620 499 3681 mutuum
511 3617 691 3707 sumpsisse
702 3617 861 3707 suspicer.

29 3780 33 3787 .
171 3768 175 3777 ι
237 3716 364 3787 aliam
378 3714 480 3806 igitar
497 3740 635 3787 necesse
648 3729 699 3789 est
720 3719 1025 3812 circumspiciamus
1046 3717 1136 3786 viam
1154 3723 1190 3785 et
1211 3739 1269 3784 ra-

16 3823 22 3844 ’
143 3822 293 3906 tionem,
314 3840 395 3910 ‚qua
414 3843 435 3887 a
455 3819 563 3889 Poeta
585 3823 801 3915 propulsetur
825 3821 1071 3917 imprudentiae
1091 3829 1125 3915 et
1146 3814 1271 3911 iu'grati

143 3925 253 3993 ¹animi
268 3923 413 4008 cumen,
439 3923 555 4012 inquo
571 3925 817 4019 exaggerando
842 3926 983 4012 mirifica
1003 3925 1067 3992 fuit
1086 3923 1272 4005 nonnullor

138 4026 469 4118 ¹·rum,.lnterpretum
490 4027 656 4097 sedulitas.
710 4028 865 4118 Utroque
882 4037 994 4097 autem
1016 4027 1110 4110 illum
1133 4026 1273 4113 enmme

138 4131 330 4209 ‚immunem
356 4128 487 4216 fussa‚=
522 4128 742 4219 demonstrari
769 4140 883 4223 potest
911 4139 1068 4199 accurata
1093 4129 1273 4220 temporis,

140 4230 758 4329 ¹‹puo-,illascrip-tacius,,notatione
781 4231 1274 4331 diligentique-,necessitudinis

386 4358 408 4391 ζ*
424 4358 439 4395 ¹:
469 4356 472 4361 ¹
