2768 4838
428 323 492 375 ou
535 322 739 373 suerro
779 320 970 372 aoarn.
1208 301 1260 372 83

123 478 399 567 excellentiores,
424 500 529 571 quam
549 478 715 567 Laevius,
747 476 845 571 cujus
856 477 992 577 *nomini
1011 476 1148 573 fulgore
1167 504 1258 574 quo-

123 584 207 653 dam
221 604 306 651 suae
320 583 478 651 claritatis
492 583 649 652 tenebras
665 580 888 651 obduxerunt.

147 734 152 739 -
228 685 449 777 Quamquam
466 685 573 773 bano,
603 708 693 777 quae
714 683 876 773 diximus,
911 702 983 752 uou
1011 679 1142 751 disertis
1172 686 1256 756 sori-

124 797 266 884 ptorum
279 788 475 859 testimoniis
489 789 746 871 confirmantur3
758 796 872 856 umen
887 785 923 854 in
935 793 1096 877 promptu
1110 799 1186 856 sunt
1198 813 1256 859 ar·

124 899 308 986 gumenta,
346 893 470 982 quibus
497 901 647 961 nostram
675 891 721 960 de
748 890 868 959 Laevii
892 893 1004 958 anate
1024 887 1253 982 conjecturam

127 1017 329 1065 exornemus
344 997 460 1086 eique,
484 996 595 1064 sinon
610 992 756 1063 veritatis
771 992 895 1073 fidem,
920 999 1011 1091 certe
1033 992 1254 1067 verisimilitu-
1303 1072 1307 1079 ,

128 1098 215 1167 diuis
228 1099 380 1189 speeiem
392 1107 427 1166 et
440 1097 767 1167 commendationem
786 1096 1009 1187 conciliemus.

230 1201 283 1269 Et
300 1201 446 1294 primum
470 1201 612 1292 quidem
631 1198 800 1269 Ausonius
824 1198 860 1265 iu
880 1194 1079 1283 Pnoebui,
1110 1194 1254 1269 Ceutoui

126 1302 280 1395 Nuptiali
292 1305 464 1396 praelixa,
489 1326 558 1395 qua
579 1326 618 1372 se
637 1303 682 1371 de
699 1310 896 1394 poematum
916 1320 1053 1369 suorum
1070 1303 1254 1392 petrdantia

128 1416 283 1492 excusat,
309 1430 453 1496 eamque
471 1406 698 1499 probatissimi
714 1405 828 1491 Plinii,
854 1404 908 1471 cui
922 1403 956 1470 iu
968 1404 1134 1495 poematis
1153 1405 1253 1475 lasci-

127 1509 234 1596 uiam,
258 1509 296 1577 iu
307 1510 457 1579 moribus
472 1532 648 1579 censuram
662 1509 847 1578 oomtitisse
863 1507 924 1593 ait,
946 1505 1155 1597 aliorumque
1166 1510 1253 1576 anti-

65 1678 71 1691 ,
128 1612 263 1701 quitatis
275 1613 424 1681 virorum
436 1610 598 1704 exemplis
612 1620 735 1697 tuetur,
748 1611 796 1679 ita
811 1611 926 1702 pergit
940 1631 977 1699 p.
993 1604 1081 1680 bli.
1092 1609 1146 1679 ed
1161 1611 1252 1679 Toll.

127 1712 228 1785 Nom
241 1716 329 1807 quid
340 1714 499 1791 Anniani
511 1710 771 1785 Fescenninos?
784 1714 871 1806 quid
884 1711 1116 1802 antiquissimi
1122 1722 1255 1806 poetae

126 1816 257 1887 Laeuii
282 1817 580 1912 Erotopaegnion
602 1814 712 1886 libros
730 1812 885 1908 loquar?
952 1813 1052 1909 Quid
1074 1813 1254 1902 Euenum,

127 1942 233 2013 quem
247 1920 452 1992 Menander
466 1921 662 2014 eapientem
676 1915 843 1989 emunit?
864 1918 956 2012 quid
969 1919 1084 2010 ipsum
1099 1919 1254 1989 Menan-

128 2019 267 2093 dmm?
300 2024 387 2117 quid
408 2026 559 2095 comicos
580 2017 727 2091 mines?
757 2021 883 2115 quibus
902 2043 1029 2091 severo
1050 2022 1126 2091 uita
1149 2031 1254 2094 estet

130 2126 231 2203 lueto
252 2128 408 2196 materia
433 2128 509 2218 ¹⁰).
560 2126 641 2212 Quo
663 2126 698 2194 iu
718 2126 797 2194 loco
819 2126 948 2197 etiamsi
968 2124 1043 2214 qun
1063 2126 1257 2221 ambiguma
1319 2124 1325 2191 .’

129 2252 162 2299 a.
170 2228 486 2322 mtiptsoinstvim
499 2236 535 2298 et
547 2252 646 2298 usum
658 2228 1080 2322 latissimepateutemvelit
1095 2231 1257 2299 calumni-

130 2334 198 2420 ari,
228 2342 346 2403 tamen
368 2333 466 2402 nobis
489 2333 585 2402 dabit
601 2333 820 2424 negantibus,
850 2332 1015 2403 Laenium
1038 2331 1082 2400 ab
1106 2333 1257 2403 Ausonio

131 2435 200 2504 diei
217 2435 368 2527 potuisse
386 2436 667 2525 antiquissimum,
692 2435 754 2503 nisi
774 2443 852 2503 ante
864 2435 1010 2528 Augusti
1029 2434 1257 2528 principatum

130 2538 284 2608 uixisset:
308 2537 378 2608 vid.
404 2562 492 2630 quse
514 2538 641 2607 dixieiu
662 2536 852 2607 Comment.
873 2538 910 2607 d.
936 2538 974 2609 C.
990 2536 1126 2607 Licinnio
1145 2539 1258 2610 calon

130 2642 213 2711 Not
226 2640 289 2711 ll.
339 2642 463 2735 Neque
484 2640 566 2711 boio
579 2642 762 2710 sententiae
777 2641 890 2710 obstat
910 2642 1096 2733 praemissa
1113 2643 1257 2713 Anniani

67 2828 73 2837 .
130 2745 276 2833 mentio,
299 2767 404 2834 quem
418 2746 481 2815 sub
495 2743 647 2836 Trojano
663 2755 698 2812 et
708 2744 882 2812 Hudriauo
895 2745 1045 2813 floruisse
1059 2753 1094 2815 et
1106 2745 1148 2814 Α
1170 2746 1256 2815 Gel-

131 2849 168 2917 lii
189 2848 369 2938 aequulem
387 2849 489 2917 fuisse
511 2856 609 2940 patet
622 2846 672 2915 ‘er
690 2849 791 2915 Noet
813 2848 883 2916 Att.
910 2846 987 2916 Lib.
1009 2848 1085 2917 XX.
1112 2871 1141 2915 c.
1163 2847 1198 2916 8.
1214 2851 1256 2918 el.

131 2951 208 3021 vll.
229 2950 268 3027 Ἰ.
294 2951 359 3042 11)
383 2966 387 2973 ’
422 2951 605 3031 Manifesta
631 2950 721 3021 enim
740 2950 776 3019 iu
796 2947 865 3020 hoo
884 2950 961 3020 loe'o
982 2950 1069 3020 inest
1090 2951 1260 3045 gradatio,

202 3218 254 3287 lo)
269 3217 345 3272 Sient
355 3218 443 3272 nullus
459 3222 499 3273 est
509 3219 644 3286 lotorum,
660 3236 733 3288 quoe
746 3236 779 3272 er
790 3224 854 3273 vett.
867 3218 978 3288 Scriptis
995 3236 1044 3288 pro
1061 3219 1211 3275 testimonio
1231 3219 1258 3274 iu

131 3286 253 3343 nutum
275 3288 395 3356 uetuoep·
407 3290 586 3357 proferemus,
611 3291 639 3343 ia
660 3306 714 3358 quo
733 3290 826 3343 Laevii
841 3289 1087 3344 nomen-intactum
1105 3306 1123 3342 a
1141 3290 1259 3343 librariis

133 3358 280 3419 maerin
298 3359 336 3411 ita
343 3359 425 3410 otiam
438 3359 466 3410 iu
479 3360 533 3411 lroe
546 3359 655 3412 Ausonii
669 3361 727 3411 loeo
740 3358 804 3411 olim
825 3361 895 3412 Livii
909 3361 1061 3428 legebatur,
1076 3360 1210 3411 defensum
1224 3362 1260 3414 ab

133 3426 200 3481 Elia
216 3427 327 3494 l'inoto,
344 3428 412 3480 nibil
427 3428 578 3494 dubitante,
597 3429 701 3481 Liuium
717 3429 892 3482 Andronicum
908 3431 996 3482 lacero
1014 3433 1150 3483 auctorent
1162 3431 1260 3484 Eroto-

133 3496 283 3567 paegnion,
311 3512 424 3563 quorum
443 3498 568 3566 reliquias
585 3505 627 3564 ot,
650 3497 698 3566 qui
717 3497 745 3549 iu
764 3498 803 3549 uis
821 3503 877 3561 est,
893 3514 1041 3552 sermonem
1060 3497 1083 3550 si
1099 3499 1260 3567 attendisset,

130 3582 189 3619 aon
209 3565 321 3618 dubium
334 3571 390 3629 ost,
414 3565 478 3632 quin
496 3582 572 3620 suam
590 3567 898 3628 mutamtmatontiam.
940 3570 1024 3621 Raeto
1035 3583 1100 3619 vero
1111 3568 1196 3620 Hadr.
1209 3568 1260 3621 Ju-

130 3634 196 3697 ,ιὶιι
208 3634 390 3689 Animadvura.
404 3634 464 3688 bib.
476 3638 520 3689 il
535 3654 557 3689 o.
571 3636 614 3691 lo.
626 3638 683 3690 dos.
694 3635 815 3706 Souligor
825 3635 962 3703 Ausoninr.
975 3638 1057 3690 laeolt
1070 3637 1126 3690 bib.
1133 3637 1166 3690 ll.
1180 3655 1204 3692 o.
1215 3638 1258 3691 27.

133 3703 204 3771 (vid
219 3705 317 3759 huon
332 3705 373 3758 ud.
384 3705 457 3759 Toll.
472 3722 499 3773 p.
514 3704 587 3768 tlt.)
606 3711 633 3761 ot
653 3707 684 3761 P.
698 3704 847 3759 Seriverius
864 3708 900 3760 ad
920 3706 1019 3761 Boudii
1031 3704 1142 3760 Amores
1161 3724 1189 3776 p.
1206 3706 1259 3761 tlt

125 3790 195 3849 μς.
210 3773 306 3826 laonii
321 3790 369 3842 pro
386 3774 458 3827 laioii
471 3780 643 3843 reposueruut
655 3790 689 3828 ao
700 3776 879 3831 annuemus

206 3842 258 3911 11)
274 3843 315 3895 llo
331 3845 469 3909 Anniano,
486 3844 707 3898 Fescenninorum
720 3844 864 3913 scriptore,
881 3842 937 3910 ogit
949 3845 982 3899 (i.
996 3847 1017 3899 Ι.
1031 3844 1138 3898 Vossius
1148 3846 1175 3899 d.
1189 3845 1258 3899 nli

133 3930 162 3965 e.
176 3908 204 3964 4.
222 3929 249 3980 p.
262 3911 323 3966 ata.
337 3911 405 3979 opp.
420 3913 455 3965 T.
469 3915 517 3968 lll.
531 3921 558 3966 et
573 3914 603 3966 In
612 3913 752 3967 Seuteuius
766 3930 784 3966 a
799 3913 954 3968 Terentiaui
965 3915 1003 3967 lt.
1021 3932 1047 3967 v.
1062 3914 1141 3968 18¹2.
1175 3918 1260 3984 Atque

133 3982 185 4043 uto
197 3988 281 4050 poeto
297 3982 433 4035 Pbuliucua
451 3984 516 4037 Cura
534 3984 636 4036 ludicro
652 3984 770 4036 earmina
783 3985 898 4053 pungit.-
914 3984 1020 4036 nomino
1038 3984 1152 4037 Phaliooi
1166 3991 1262 4052 poetae

135 4052 292 4105 Anium
314 4051 447 4120 designari
471 4052 630 4106 sublimavit
654 4071 682 4121 p.
700 4052 762 4106 ulo.
794 4053 950 4107 assentiento
974 4053 1073 4106 totto·
1097 4053 1125 4106 ia
1145 4051 1261 4106 dddoad.

133 4139 165 4189 p.
186 4119 447 4174 mamertinum
470 4120 610 4191 laennopio.
669 4122 741 4176 idom
760 4120 899 4175 Santonius
915 4123 950 4176 atl
967 4123 1120 4176 Terentino.
1138 4138 1165 4174 r.
1183 4120 1260 4175 ltus.

135 4208 166 4258 p.
178 4189 234 4243 888
244 4206 284 4256 oq.
303 4198 418 4244 metrum
432 4191 601 4256 Pbulisoum,
622 4192 694 4259 q'uod
711 4191 796 4244 tribus
893 4192 926 4244 lis
941 4198 969 4246 ot
979 4189 1134 4262 pyrrbiebio
1151 4196 1260 4254 ooumt,

134 4265 167 4311 et
179 4259 257 4325 nujus
268 4259 431 4313 invmtorum
444 4261 526 4331 vulgo
540 4261 641 4315 laoiuut
650 4261 684 4317 Δ.
697 4259 856 4329 Βηῑίιιὶιιω
1011 4260 1087 4328 (rid.
1099 4258 1261 4315 wem-tut.

135 4326 693 4401 1³.1ttt'1·.1up.usu.)anunnnno
709 4331 948 4387 mulum-n
967 4328 1077 4385 enauit.
1108 4326 1262 4383 ututur-
