2768 4838
386 279 435 329 un
460 279 607 328 nannum
623 276 825 329 ιιιιιιιιιιιιιε
851 238 1103 330 nrnunuronu.
1224 255 1303 328 466

178 434 275 505 bitari
289 443 420 526 potest,
444 435 527 526 quin
541 436 679 506 eximius
691 437 763 532 ille¹
768 437 820 506 vir
836 437 873 504 in
892 444 985 506 tento
1005 436 1251 531 sententiarum
1256 438 1303 524 ,de

168 538 356 631 Licymnia
375 540 517 608 divortio
539 539 898 633 aBentlejipartibus
919 544 1056 611 steterit.
1109 542 1208 627 Quas,
1226 567 1303 612 cunr

103 638 105 643 ⁸
177 665 240 711 nos
253 665 393 734 quoque
408 644 596 733 sequimur,
622 645 706 715 nihil
719 645 880 733 facimus,
906 645 968 717 nisi
985 656 1025 714 ut
1038 646 1302 716 Scholiastarum
1331 639 1332 643 ¹

177 757 329 815 veterum
345 747 593 835 anctoritatem,
620 749 761 834 oliorum
782 747 853 844 lide
873 751 1074 841 scriptorum
1090 774 1196 842 saepe
1219 775 1302 820 con-

176 859 349 937 testatam,
374 850 441 917 bac
456 851 558 919 etiam
574 852 609 918 in
628 876 673 920 re
681 861 922 944 anteponamus
937 853 1162 944 Interpretum
1181 879 1302 923 recen-

177 954 303 1023 tiorum
320 954 568 1031 ariolationibus
586 963 621 1023 et
640 955 749 1047 nugis.
801 956 890 1023 Nam
906 955 1083 1048 Bentlejus
1104 958 1224 1028 merito
1245 958 1302 1026 hic

176 1057 363 1125 obsecutus
373 1065 424 1125 est
440 1057 629 1126 testimonio
640 1058 783 1149 Acronis
797 1057 842 1125 ad
855 1059 973 1127 Horat
990 1059 1083 1129 Libr.
1099 1061 1127 1132 Ι.
1149 1061 1248 1130 Satir.
1265 1061 1300 1131 2.
1366 1093 1368 1097 ·

176 1182 209 1227 v
224 1157 285 1229 64.
293 1159 427 1251 cujus
439 1156 553 1235 verba
568 1155 605 1254 §
618 1156 654 1232 5
675 1160 932 1253 descripsimus,
959 1170 992 1236 et
1015 1163 1193 1255 probabile
1219 1188 1301 1232 cen*

176 1264 259 1349 suit,
285 1263 348 1330 sub
364 1263 446 1381 licto
468 1263 676 1354 Liqqmniae
694 1265 832 1332 nomine
855 1263 1067 1352 Terentiam,
1092 1266 1301 1336 Maecenatis

176 1388 335 1452 uxorem,
362 1365 494 1457 signari.
545 1358 674 1434 Nam
649 1389 676 1435 ιι
692 1389 775 1435 vero
793 1367 927 1435 nomine
942 1366 1034 1445 ¹haec
1049 1369 1227 1461 Licymnia
1249 1370 1299 1438 di·
1360 1409 1363 1417 ·

109 1557 112 1561 Ι
177 1479 326 1556 ceretur,
352 1468 500 1538 debebat
524 1488 565 1538 ea
590 1492 665 1538 esse
689 1464 843 1538 libertina
868 1478 902 1538 et
926 1472 1101 1557 meretrix,
1131 1496 1235 1562 quam
1255 1475 1300 1542 ab

105 1560 108 1565 ’
176 1571 340 1640 hocloco
363 1572 507 1641 alienam
523 1596 597 1641 esse
620 1595 697 1640 cum
704 1572 860 1694 pulchre
881 1575 983 1642 sensit
1006 1575 1203 1671 Bentlejus,
1229 1585 1302 1644 tum
1326 1664 1328 1668 Ι

176 1684 274 1743 acute
289 1674 427 1766 collegit
442 1699 485 1745 ex
499 1675 611 1743 choris
629 1675 731 1744 sacris
757 1676 792 1743 in
807 1675 936 1744 Dianae
958 1675 1125 1746 honorem
1145 1680 1300 1747 celebra-

175 1779 234 1865 tis,
268 1778 388 1868 quibus
410 1778 588 1870 Licymnia
610 1779 758 1846 saltatrix
778 1780 938 1847 interesse
960 1780 1130 1850 dicisum.
1154 1780 1208 1849 lt·
1224 1807 1298 1873 sqq.

175 1881 216 1949 lu
235 1881 335 1949 sacris
360 1881 448 1948 enim
476 1882 691 1949 sollemnibus
713 1901 782 1949 non
807 1881 871 1948 nisi
893 1881 1034 1951 Liberas
1058 1895 1092 1952 et
1118 1885 1301 1972 Honestas,

83 1992 85 2001 '
176 2006 235 2050 seu
251 1982 407 2074 Virgines
428 2007 489 2053 seu
501 1982 694 2069 Matronas,
720 1984 898 2074 saltitasse,
923 1982 1055 2093 probat
1063 1988 1249 2081 Bentlejus
1257 2013 1299 2060 ex

78 2128 119 2151 -,
174 2086 294 2158 Horat.
313 2083 614 2158 Libr.1v.0d..6
637 2084 744 2157 ι..64

283 2187 472 2282 Virginem
492 2191 656 2283 primae,
676 2190 853 2283 puerique
878 2191 989 2262 claris

594 2292 768 2363 Patribus
790 2293 894 2380 orti,

150 2406 172 2492 J
276 2393 409 2464 Deliae
432 2398 545 2466 tutela
568 2396 676 2468 Deae
690 2394 858 2490 fugaces

276 2498 419 2589 Ιιφιοιιι
445 2507 479 2569 et
504 2521 627 2572 cervos
648 2499 839 2571 cohibentis
864 2519 966 2586 arcu,
1025 2554 1028 2562 ,

275 2601 442 2672 Lesbium
466 2613 608 2674 sonate
628 2603 763 2697 pedem
786 2603 925 2695 meique

590 2707 738 2776 Pollicis
761 2706 880 2775 ictum.
967 2708 972 2722 '

173 2775 264 2872 etex
280 2799 433 2897 Epistola
448 2804 494 2872 ad
509 2808 647 2878 Pisones
667 2832 699 2878 v
715 2807 802 2878 232.

222 2904 383 3002 Eflutire
408 2906 502 2992 leves
525 2911 682 3004 indigna
712 2908 926 3028 lingoedia
947 2909 1081 2992 ociores,

229 3010 276 3079 Ut
292 3009 403 3104 sestis
427 3018 595 3082 matrona
619 3014 754 3083 moveri
768 3010 874 3106 jussa
900 3010 1036 3094 diebus,
1144 3064 1146 3070 .
1267 3102 1270 3110 Ι

219 3112 387 3183 Intererit
414 3111 556 3205 Satyris
576 3119 729 3209 paulum
749 3115 967 3211 pudibunda
988 3110 1177 3206 protervis.

171 3217 250 3284 Hoc
266 3215 414 3308 Bentleji
429 3230 665 3313 argumentum
680 3222 816 3308 lanius,
842 3213 1126 3290 Mitscherlichius
1136 3222 1179 3282 et
1200 3212 1295 3282 Van-
1304 3306 1305 3309 ,
1335 3233 1337 3237 ·

75 3376 79 3385 .
172 3318 436 3412 derbourgius
411 3345 459 3390 src
474 3325 606 3392 elevare
622 3325 851 3409 connituntur,
874 3330 912 3389 nt
928 3321 992 3390 has
1008 3317 1148 3387 choreas
1165 3305 1211 3383 ad
1234 3315 1295 3385 6ο·

138 3466 141 3471 -
170 3423 344 3490 mesticam
372 3424 570 3517 religionem
594 3428 783 3517 festamque
805 3425 981 3521 laetitiam,
1024 3426 1109 3512 qua
1105 3420 1294 3513 publicam

169 3526 326 3617 privatim
347 3539 649 3618 prosequerentur,
674 3530 868 3599 referendas
888 3551 961 3596 esse
981 3525 1111 3594 dicant:
1145 3546 1211 3614 qua
1234 3545 1292 3590 ra-

170 3629 262 3697 tione
278 3629 360 3718 quid
374 3630 446 3698 ficri
460 3642 574 3724 potest
588 3634 802 3701 contortius?
830 3630 864 3700 et
887 3630 970 3721 qnid
993 3628 1141 3721 opinioni
1164 3626 1209 3695 de
1231 3625 1292 3694 Li-
1305 3635 1328 3694 ,’

171 3731 306 3823 cymnia
327 3730 481 3803 libertina
503 3737 612 3828 magis
639 3738 689 3806 est
706 3734 914 3845 adversum?
935 3733 1002 3862 49)
1071 3729 1126 3798 Ex
1153 3731 1290 3822 privatis

238 4000 287 4070 46)
314 3999 457 4057 verissime
472 3972 681 4059 Buttmauuml.
699 4019 770 4072 op.
785 4001 831 4057 66.
846 3965 907 4070 hisp
907 4002 979 4055 utats
1008 3961 1067 4051 666
1083 4013 1111 4049 ιο
1127 3995 1226 4080 glbube
1246 3993 1290 4047 ich

168 4071 219 4124 urit
236 4070 320 4123 Recbt
331 4088 422 4141 eugen
437 4091 470 4125 ιιι
487 4075 603 4138 tonum,
628 4074 691 4127 duee
706 4074 761 4142 elie
779 4068 858 4126 Notis
881 4018 927 4125 cleu
949 4060 1125 4127 Scholiceten
1132 4066 1291 4133 hcineerccgr

125 4179 129 4196 ι
168 4141 329 4208 uermerflich
353 4143 405 4206 ist,
432 4143 528 4196 welche
552 4112 671 4197 doicrch
701 4126 781 4205 alicio
803 4142 882 4194 echon
903 4136 1141 4213 Aqsmcrkacmlceit
1162 4135 1291 4195 vadient,

169 4210 232 4264 ‘¹⁰⁸⁸
248 4226 312 4267 *444
327 4212 399 4265 “wli
415 4213 483 4273 wohl
500 4213 628 4282 begam,
650 4213 699 4267 wic
712 4230 779 4267 ιιιιιιι
799 4215 851 4278 uns
865 4211 922 4263 eioc
938 4209 1039 4272 soluite,
1056 4207 1116 4259 dem
1132 4195 1218 4257 ιιιιιιι
1234 4204 1290 4254 Λιι-

117 4282 120 4287 “
171 4279 241 4333 bliclc
261 4281 330 4334 noch
364 4282 427 4335 eben
452 4280 523 4339 nicht
540 4283 767 4338 wchrecbcinliche
783 4281 848 4336 ldec
862 4281 931 4334 habe
945 4243 1063 4356 kommbn
1078 4277 1195 4337 hincce,
1217 4285 1292 4326 ιιιιιιι
