2768 4838
301 234 304 239 ’
417 264 480 316 us
520 267 716 317 uosrro
756 264 947 316 roura.
1217 239 1244 312 a

126 423 295 515 quodam,
319 433 435 492 tamen
447 424 561 492 nescio
574 423 656 513 quid
674 423 805 492 duritiei
820 422 971 492 habebat
992 430 1026 491 et
1048 422 1244 514 asperitatis.

124 528 271 596 intanta
291 525 590 620 fragmentorum,
603 550 692 617 quae
715 527 879 595 exHostii
901 526 1101 594 oanninibus
1125 548 1246 617 super-

126 639 220 718 sunt,
245 633 417 721 paucitate
434 652 503 698 non
517 653 573 698 me
588 632 748 722 praeterit
762 653 864 719 quam
879 629 1045 698 lubricum
1070 629 1112 697 sit
1135 629 1246 697 incer-

124 743 267 823 tumque
281 756 323 802 ea
336 734 381 805 de
393 756 432 802 re
439 732 617 825 judicium.
669 733 798 801 Verum
818 742 949 818 tamen,
975 733 1034 822 qui
1055 732 1133 799 artis
1157 753 1247 823 poe-

124 839 212 905 ticae
226 836 321 928 apud
336 837 511 906 Romanos
525 843 667 925 stortae
683 844 718 906 et
730 858 935 928 progressae
950 845 985 903 et
1000 835 1122 903 sensim
1136 833 1182 903 ad
1194 834 1248 901 ni-

124 948 236 1007 torem
248 939 549 1031 politissimamque
564 938 766 1031 elegantiam
782 937 934 1007 excultae
947 939 1111 1007 rationem
1128 947 1163 1007 et
1183 959 1248 1005 ua-

58 1075 62 1081 ·
127 1050 240 1115 turam
275 1050 433 1109 accuratu
468 1041 572 1109 animi
607 1040 804 1109 adversione
828 1042 1043 1134 cognoverit,
1082 1041 1128 1127 is,
1169 1060 1247 1109 cre·

126 1144 194 1231 do,
220 1144 450 1229 comitebitur,
475 1142 587 1211 Hostii
602 1143 869 1236 versusjepicos,
895 1144 964 1213 sive
978 1143 1158 1212 dictionem
1178 1143 1248 1210 sive

125 1268 305 1317 numerum
322 1254 475 1341 spectas,
493 1247 538 1314 ab
553 1244 711 1319 Ennianis
726 1254 762 1313 et
776 1246 920 1316 Attiauis
935 1269 1004 1316 non
1019 1246 1161 1315 multum
1177 1244 1247 1313 diss

125 1372 270 1440 crepare
297 1349 372 1441 1⁰).
389 1348 485 1416 ·Hoc
505 1349 614 1440 magis
640 1350 740 1420 etiarn
764 1348 926 1436 elucebit,
952 1350 980 1416 si
1001 1347 1248 1441 comparaveris

124 1452 283 1543 reliquias
311 1450 513 1553 Annalium,
560 1475 645 1543 quos
670 1452 774 1545 epicis
811 1453 963 1521 versibus
980 1453 1176 1545 ¹scripserat
1204 1450 1246 1520 A.

125 1554 408 1643 Furiusrintias,
443 1553 485 1622 L.
508 1554 633 1623 Lutatii
657 1555 768 1624 Catuli
788 1556 968 1629 fanfiliaria
997 1554 1052 1641 „ls
1073 1555 1147 1649 ipse
1170 1560 1247 1621 ante

127 1657 443 1728 c..1nliicaesaris
465 1665 612 1726 aetatem
631 1658 761 1757 floruit,
788 1658 929 1759 ejusque
950 1682 1082 1746 versus,
1109 1644 1167 1749 qui
1188 1678 1248 1725 su·

124 1770 284 1857 pessunt,
311 1761 462 1831 dictionis
478 1763 585 1829 nitore
604 1770 637 1829 et
660 1762 844 1855 elegantia,
868 1784 1152 1852 numerorumque
1176 1767 1248 1828 arte

126 1874 163 1934 et
184 1864 348 1934 suadtate
366 1864 535 1935 Hostianis
561 1874 738 1958 tantopere
759 1875 948 1956 praestant,
974 1875 1011 1934 ut
1032 1889 1100 1934 non
1120 1874 1257 1957 temere·

125 1968 211 2038 mihi
237 1968 353 2057 videar
382 1967 461 2035 inde
490 1968 670 2061 colligere,
709 1968 868 2037 Hostium
892 1969 1003 2039 multis
1040 1968 1134 2036 aunis
1171 1974 1249 2035 aute

126 2060 453 2141 Furium'Autiatem
470 2071 591 2139 vixisse
622 2070 697 2163 11).
732 2073 854 2163 Neque
876 2068 956 2141 huic
980 2072 1160 2140 sententiae
1185 2068 1249 2138 ad·

127 2185 301 2244 versantur
316 2175 554 2262 Grammatioi,
582 2175 656 2265 qui,
676 2182 714 2242 ut
727 2174 812 2253 iufra
833 2170 868 2271 §.
884 2173 919 2242 9.
942 2175 1146 2261 videbimus,
1170 2174 1249 2242 Ho-

127 2278 227 2349 stium
242 2279 476 2348 vetustioribus
495 2276 650 2369 adeoque
663 2278 889 2348 vetustissimis
905 2277 994 2346 Latii
1007 2278 1116 2371 poetis
1132 2284 1249 2369 aperte

127 2390 317 2469 accensent.
979 2390 998 2455 ¹,
1349 2374 1353 2379 ’

231 2484 364 2555 Deinde
381 2482 622 2577 indefinienda
635 2483 748 2553 Hostii
763 2492 873 2553 aetate
894 2506 962 2552 non
983 2481 1253 2576 praetereundae

97 2672 100 2677 ,
126 2592 209 2667 ,sunt
225 2611 298 2678 res,
325 2612 407 2678 quas
424 2589 468 2656 a'b
484 2610 526 2656 eo
544 2587 697 2656 versibus
712 2596 870 2657 tractatas
887 2610 959 2656 esse
972 2587 1134 2654 novimus.
1174 2586 1248 2675 llla,

127 2715 233 2783 quam
248 2715 350 2783 supra
372 2690 574 2784 significavi,
600 2699 691 2761 aetas
712 2691 861 2759 virorum
882 2691 1018 2783 ingenio
1040 2697 1074 2758 et
1100 2688 1250 2756 doctrina

126 2796 366 2865 excellentium
380 2795 603 2881 feracissima,
629 2794 768 2862 mirifice
794 2794 857 2863 sibi
873 2795 998 2887 placuit
1012 2794 1045 2860 in
1065 2816 1179 2860 rerum
1193 2791 1250 2858 hi-

126 2899 327 2968 storicarum
347 2898 452 2988 idque
471 2898 654 2989 patriarum
684 2897 812 2985 studio,
845 2897 939 2988 quod
970 2896 1114 2964 dubitari
1134 2895 1283 2993 nequiit.

127 3002 214 3093 quin
234 3000 286 3071 Μ.
311 3001 424 3071 Porcii
441 2999 577 3069 Catonis
605 3000 757 3069 Censorii
778 3000 992 3093 Originibus,
1017 3009 1111 3067 vasto
1136 3000 1193 3066 illo
1217 3006 1251 3066 et

127 3103 326 3199 pererudito
343 3128 466 3198 opere,
491 3104 599 3172 multa
615 3103 778 3172 invenerit
798 3114 833 3173 et
853 3096 1068 3171 invitamenta
1089 3111 1124 3170 et
1144 3102 1250 3170 untri-

128 3217 255 3277 menta.
306 3207 385 3293 Quo
401 3208 529 3275 factum
546 3215 613 3294 est,
638 3204 763 3276 uttam
784 3198 964 3300 temporis,
991 3207 1060 3296 quo
1077 3206 1150 3295 quis
1164 3202 1252 3273 esset

128 3312 265 3381 doctior
283 3320 317 3380 et
328 3312 516 3381 litterarum
538 3311 718 3398 amantior,
744 3312 792 3382 ita
815 3313 959 3379 maxime
983 3331 1082 3378 suum
1106 3308 1253 3376 studium

129 3424 167 3485 ct
188 3415 293 3484 otium
319 3415 354 3485 in
373 3414 596 3511 ,conficiendis
619 3437 733 3483 rerum
745 3414 977 3487 Romanarum
990 3410 1176 3489 Annalibus
1185 3452 1188 3457 ·
1197 3410 1254 3489 vel

199 3713 251 3783 lo)
270 3715 302 3781 Q.
315 3714 398 3769 Ennii
412 3716 555 3769 Annalium
566 3716 638 3771 bibr.
654 3715 745 3770 xvm.
773 3716 937 3787 Fragmenta
948 3731 965 3770 a
978 3714 1009 3770 l’.
1023 3713 1129 3769 Merula
1140 3713 1256 3783 primum

130 3783 245 3838 callode
256 3801 339 3851 nuper
352 3785 482 3839 recensuit
494 3792 520 3840 et
536 3785 617 3840 edidit
630 3787 661 3839 ll.
675 3787 873 3857 spangenberg.
892 3784 1010 3852 lipsiae,
1035 3784 1113 3838 1825.
1150 3784 1257 3837 lllustra

129 3852 211 3907 Ennii
231 3856 380 3922 exemplum
404 3861 508 3908 secutus
528 3855 594 3908 item
612 3855 724 3909 Annales
743 3854 824 3924 epicis
842 3855 963 3921 uersibus
981 3853 1086 3923 scripsit
1104 3855 1135 3907 1.
1157 3855 1257 3917 Attius,

131 3922 252 3999 tragicus
264 3922 311 3976 illo
329 3929 407 3992 poeta
421 3923 600 3984 clarissimus,
617 3924 664 3990 qui
678 3931 804 3978 natusest
818 3939 844 3978 a.
857 3925 891 3977 ΙΙ.
906 3924 936 3977 0.
948 3922 1011 3979 ⁵84.
1022 3922 1090 3977 anuo
1105 3928 1165 3977 autc
1179 3919 1258 3975 Ennii

131 3998 263 4058 murtam,
279 4008 348 4061 quaa
362 3993 460 4046 accidit
473 4010 498 4048 a
516 3995 551 4047 U.
571 3994 601 4047 0.
618 3990 679 4049 aab
715 3995 782 4048 Attii
805 3992 947 4046 Manlium
964 3993 1104 4061 reliquias,
1130 3997 1190 4060 post
1219 3992 1256 4044 H.

131 4061 297 4131 Stephanum
311 4062 340 4116 in
358 4063 468 4133 Fragm.
490 4065 521 4117 Ρ.
539 4064 570 4115 V.
590 4064 623 4134 L.
642 4082 670 4131 p.
687 4063 747 4126 lu,
771 4064 893 4117 collectas
906 4061 979 4117 deut
994 4062 1032 4117 'u
1051 4064 1080 4116 J.
1097 4059 1206 4115 Vossius
1230 4060 1256 4124 d.
1270 4067 1276 4076 “

131 4130 235 4185 Hbtor.
250 4132 310 4185 iat.
327 4132 401 4187 libr.
421 4133 444 4185 1.
461 4149 485 4184 c.
507 4132 535 4185 i.
549 4150 575 4200 p.
591 4132 846 4202 lo.v011V.0pp.

201 4200 250 4270 11)
267 4201 308 4254 lle
320 4201 353 4255 A.
368 4202 444 4255 Furii
457 4203 574 4255 Antiatis
584 4207 670 4257 aetate
683 4201 795 4255 disserui
814 4202 922 4271 ejusque
942 4198 1082 4255 Annalium
1096 4199 1257 4266 Fragments

93 4294 96 4305 ·
130 4268 231 4342 collegi
244 4269 273 4325 iu
285 4271 430 4327 comum
444 4272 471 4327 d.
489 4272 527 4325 Μ.
540 4272 618 4326 Ebrio
630 4272 756 4326 eureio
775 4274 800 4339 S.
817 4272 843 4327 l.
