2768 4838
214 152 254 251 x.

279 298 387 389 mit·
412 288 561 353 nonam
583 302 712 353 rnacor
735 296 1082 353 cernamur-omnus.
1165 270 1249 350 ³15·

125 460 264 530 arboris.
315 458 414 530 Idem
430 457 613 531 secundam
633 458 892 530 Annlrmolicon
912 459 1083 554 Eclogam
1106 470 1243 530 exorsus

125 574 214 634 erat:
1053 586 1066 601 ‘

174 664 365 750 Dicmilri,
390 662 590 751 Damoeta,
616 659 735 756 cnjaou
747 685 877 757 pecua,
904 685 997 732 auae
1009 658 1208 734 Latinum?

175 769 257 840 Non
265 793 280 855 ;
289 767 430 838 ‘verum
445 767 608 861 Aegonis
621 769 732 837 nostri
745 770 797 836 sic
811 787 897 835 mre
912 766 1109 859 loquuntur.

125 874 247 963 quibus
270 871 420 940 versibus
440 870 597 939 irn'detur
614 871 744 939 initium
772 871 926 961 Eclogae
946 872 1081 958 tertiae,
1115 871 1150 940 in
1178 892 1247 962 qua

124 966 284 1068 Virgilius
300 975 408 1043 Bauio
423 983 457 1042 ct
469 974 608 1042 Maesio
622 974 782 1047 illuserat
822 972 931 1041 Eccui
949 974 1052 1066 igitur
1072 965 1249 1067 improba-

124 1080 194 1148 bile
216 1087 286 1167 cst,
320 1079 515 1146 alterutrum
539 1078 603 1145 ista
625 1077 777 1146 irrisione
801 1077 1037 1146 exacerbatum
1066 1078 1247 1146 vindictam

126 1183 306 1273 sumpsisse
315 1203 341 1248 a
346 1190 451 1273 poeta
457 1181 644 1249 Mantuano
659 1180 791 1273 scriptis
800 1181 1041 1248 Antibucolicis
1049 1168 1072 1250 θ’
1091 1181 1187 1249 Sicut
1199 1172 1250 1249 illi

125 1310 158 1356 v.
179 1282 319 1354 hordeo
334 1293 492 1353 notarunt
503 1284 700 1352 insolentiae
714 1283 868 1369 nomine,
893 1283 940 1349 ita
955 1306 987 1350 r.
1003 1291 1147 1376 tegmen
1168 1291 1201 1351 et
1214 1307 1248 1351 v.

126 1384 243 1480 cujum
256 1409 367 1481 pecua
379 1410 489 1480 paene
502 1388 628 1456 rustica
645 1387 826 1481 asperitate
841 1387 1063 1479 castigarent,
1089 1396 1125 1455 et
1138 1387 1248 1454 nerni-

125 1516 206 1561 nem
219 1492 281 1561 nisi
300 1492 358 1581 qui
378 1492 448 1559 ruri
468 1491 558 1558 vivat
577 1491 623 1558 ita
642 1491 738 1581 loqui
759 1511 861 1582 posse
877 1488 1060 1581 jactarunt.
1112 1489 1249 1558 Scilicet

126 1595 179 1663 isti
192 1618 309 1663 cascae
326 1595 527 1688 antiquitatis
541 1592 762 1662 admiratores
777 1593 888 1661 stolidi
905 1601 940 1661 et
961 1590 1168 1661 vetustorum
1181 1594 1249 1660 ob-
1280 1648 1284 1659 .

128 1698 378 1789 soletommque
393 1698 575 1766 verborum
590 1697 701 1789 putidi
716 1718 882 1787 aucupes,
910 1719 1010 1764 omne
1023 1695 1198 1764 novandae
1213 1703 1248 1764 et

126 1800 304 1894 augendae
328 1802 484 1869 orationis
508 1799 653 1867 studium
676 1800 811 1889 perosi,
843 1799 1037 1890 Virgilium,
1068 1799 1248 1870 Horatium

125 1906 276 1994 aliosque
288 1911 426 1993 poetas,
455 1902 610 1970 Graecae
627 1900 794 1969 studiosos
810 1900 1017 1993 elegantiae,
1044 1913 1079 1971 et
1096 1902 1191 1971 dictis
1212 1911 1249 1971 et

126 2007 257 2098 scriptis
280 2003 531 2072 insectabantur
562 2013 735 2073 eteorum
759 2004 885 2072 famam
913 2004 1107 2096 bonamque
1135 2006 1248 2076 existi-
1332 2075 1336 2095 ,

125 2110 306 2180 mationem
334 2107 526 2200 petulanter
554 2128 595 2175 ac
622 2107 788 2176 malevole
817 2108 1029 2178 arrodebant
1090 2108 1248 2201 lgitursi

127 2235 215 2303 quae
231 2213 275 2280 ab
288 2208 351 2280 illis
367 2210 483 2303 magni
496 2206 622 2302 ingenii
635 2211 745 2303 poetis
760 2211 796 2277 in
812 2234 965 2279 sermone
983 2221 1106 2281 novata
1121 2213 1249 2305 depre-
1338 2252 1340 2260 ι

125 2315 338 2400 hendebant,
365 2335 406 2381 ea
425 2322 464 2381 ut
487 2314 611 2407 cupide
632 2313 761 2399 venari,
788 2314 834 2380 ita
853 2323 1027 2405 tamquam
1047 2316 1172 2383 naevus
1194 2316 1250 2382 iu-

125 2420 317 2489 ficetissime
333 2439 475 2509 carpere
488 2424 730 2486 consueverant
744 2424 780 2483 et
800 2415 834 2484 in
849 2416 942 2510 ipsos
956 2425 1078 2511 poetas
1103 2414 1173 2515 ὅλῳ
1195 2415 1250 2515 τῷ

33 2519 40 2529 ⁸
125 2522 307 2622 μυκτῆρι,
334 2530 372 2591 ut
386 2520 511 2590 Graeci
527 2520 661 2614 dicunt,
685 2519 875 2594 utebantur.

594 2647 798 2771 ,Μ

226 2826 319 2894 Hinc
333 2823 515 2917 plurimum
529 2826 615 2896 lucis
636 2825 832 2894 accenditur
854 2825 984 2918 aliquot
1001 2825 1133 2895 Horatii
1154 2826 1259 2917 locis,l
1356 2810 1359 2819 ⁴

125 2939 164 2999 ut
177 2929 211 2998 in
226 2928 380 3022 Epistola
397 2928 442 2995 ad
455 2929 594 2997 Pisones
607 2951 640 2998 v.
661 2924 713 2997 55
730 2953 805 3020 sqq.

456 3030 545 3125 Ego
570 3051 651 3118 cur,
678 3033 866 3125 oequimw
886 3024 1017 3123 pauori

179 3131 397 3227 Simorum,
422 3134 599 3223 iuvideor,
625 3157 706 3205 cum
721 3136 850 3228 lingua
870 3133 1015 3204 Catonis
1029 3140 1063 3203 et
1074 3131 1171 3203 Enni

179 3235 385 3308 Sermonem
397 3240 561 3331 putrium
578 3238 748 3310 ditaverit
762 3245 797 3307 et
810 3260 905 3306 nouo
920 3258 1042 3305 rerum

178 3337 336 3409 Nomina
344 3337 568 3435 protulerit?
592 3342 728 3430 Licuit,
757 3362 966 3434 semperque
982 3338 1111 3425 licebit,
1231 3423 1240 3437 e

180 3439 375 3534 Signatum
385 3453 578 3536 praesente
591 3453 677 3514 uoto
685 3445 891 3538 producere
905 3466 1041 3512 nornen.

184 3545 232 3613 Ut
250 3545 615 3641 eilvaesoliiapronoe
627 3554 810 3622 mutantur
829 3548 865 3617 iu
883 3568 1004 3631 annos,

177 3646 308 3718 Primo
323 3649 479 3726 codunt3
503 3653 556 3719 ita
572 3651 762 3721 verborum
775 3659 875 3721 vetur
888 3651 1006 3719 interit
1021 3654 1136 3732 aetum

177 3750 229 3821 Et
237 3748 409 3846 juvenum
422 3752 494 3822 ritu
494 3752 635 3852 florent
645 3756 752 3828 modo
765 3762 856 3826 noto
869 3754 1062 3850 uigentque
1077 3751 1156 3845 ²⁷).
1174 3822 1177 3828 .

196 4019 246 4088 tr)
263 4019 389 4075 Horatius
405 4021 434 4076 ir.
443 4020 465 4077 l.
478 4021 619 4077 manifesto
629 4021 736 4144 mqtcit
748 4038 811 4088 eor,
828 4018 875 4091 qul
886 4018 971 4073 amois
982 4017 1010 4073 la
1024 4002 1144 4072 mmo‘oe
1155 4016 1251 4072 latino

126 4089 273 4143 novationis
288 4107 376 4144 osores
388 4091 477 4159 ipsum
489 4109 521 4144 eo
534 4094 640 4145 nornine
654 4100 851 4160 stupuerunt,
869 4106 948 4159 reque
960 4094 1050 4143 tuetur
1063 4089 1184 4157 exemplo
1196 4088 1251 4140 Ga-

127 4157 195 4209 tonis
212 4160 329 4212 Censorii
343 4168 370 4213 et
381 4161 478 4225 Ennii,
495 4161 541 4229 qul
553 4163 589 4214 ad
602 4162 814 4229 locupletandam
832 4159 953 4229 linguam
970 4157 1087 4227 patriam
1105 4156 1251 4228 plurimam

127 4227 303 4280 contulissent.
338 4230 513 4285 Submorosus
526 4232 597 4285 euim
613 4235 641 4284 et
652 4233 833 4286 stomachosus
844 4226 959 4297 scripsits
978 4244 1024 4281 cur
1042 4244 1093 4313 ego
1112 4224 1252 4307 irrideor?

128 4294 186 4350 Non
200 4297 272 4353 malo
283 4297 374 4358 Sobel.
396 4301 477 4372 Gruq.
498 4300 582 4372 Mire,
599 4301 666 4357 aaa
684 4300 869 4376 tomenti·
886 4296 972 4354 wib
992 4296 1121 4367 ¹⁰⁹⁸*le
1151 4295 1253 4350 “Vm
