<?xml version="1.0" encoding="UTF-8"?>
<!DOCTYPE html PUBLIC "-//W3C//DTD XHTML 1.0 Transitional//EN"
    "http://www.w3.org/TR/xhtml1/DTD/xhtml1-transitional.dtd">
<html xmlns="http://www.w3.org/1999/xhtml" xml:lang="en" lang="en">
 <head>
  <title>
</title>
<meta http-equiv="Content-Type" content="text/html;charset=utf-8" />
  <meta name='ocr-system' content='tesseract 3.04.00' />
  <meta name='ocr-capabilities' content='ocr_page ocr_carea ocr_par ocr_line ocrx_word'/>
</head>
<body>
  <div class='ocr_page' id='page_1' title='image "./poetarumlatinor01weicgoog_0273.png"; bbox 0 0 2768 4838; ppageno 0'>
   <div class='ocr_carea' id='block_1_1' title="bbox 95 251 996 375">
    <p class='ocr_par' dir='ltr' id='par_1_1' title="bbox 18 246 996 375">
     <span class='ocr_line' id='line_1_1' title="bbox 95 251 996 375; baseline -0.003 -44.236"><span class='ocrx_word' id='word_1_1' title='bbox 95 251 209 375; x_wconf 63' lang='lat'><strong>,¹²⁶⁰</strong></span> <span class='ocrx_word' id='word_1_2' title='bbox 280 287 282 292; x_wconf 93' lang='lat'>·</span> <span class='ocrx_word' id='word_1_3' title='bbox 379 277 996 333; x_wconf 66' lang='lat' dir='ltr'><strong>ouoourrtoarausor‘oaras</strong></span> 
     </span>
    </p>
   </div>
   <div class='ocr_carea' id='block_1_2' title="bbox 8 422 1330 1658">
    <p class='ocr_par' dir='ltr' id='par_1_2' title="bbox 8 422 1330 1658">
     <span class='ocr_line' id='line_1_2' title="bbox 8 422 1288 529; baseline -0.005 -20"><span class='ocrx_word' id='word_1_4' title='bbox 8 422 11 428; x_wconf 36' lang='lat'><strong><em>⁴</em></strong></span> <span class='ocrx_word' id='word_1_5' title='bbox 127 457 240 511; x_wconf 76' lang='lat' dir='ltr'><strong>verae</strong></span> <span class='ocrx_word' id='word_1_6' title='bbox 259 434 421 529; x_wconf 77' lang='lat' dir='ltr'><strong>gloriae,</strong></span> <span class='ocrx_word' id='word_1_7' title='bbox 453 436 614 529; x_wconf 77' lang='lat' dir='ltr'><strong>quuowis</strong></span> <span class='ocrx_word' id='word_1_8' title='bbox 632 458 702 506; x_wconf 81' lang='lat' dir='ltr'><strong>uno</strong></span> <span class='ocrx_word' id='word_1_9' title='bbox 723 433 833 522; x_wconf 81' lang='lat' dir='ltr'><strong>libro,</strong></span> <span class='ocrx_word' id='word_1_10' title='bbox 863 434 1001 507; x_wconf 85' lang='lat' dir='ltr'><strong>meruit.</strong></span> <span class='ocrx_word' id='word_1_11' title='bbox 1060 433 1143 520; x_wconf 81' lang='lat' dir='ltr'><strong>darn</strong></span> <span class='ocrx_word' id='word_1_12' title='bbox 1164 429 1246 503; x_wconf 88' lang='lat' dir='ltr'><strong>huic</strong></span> <span class='ocrx_word' id='word_1_13' title='bbox 1279 510 1288 523; x_wconf 49' lang='lat'>,</span> 
     </span>
     <span class='ocr_line' id='line_1_3' title="bbox 129 531 1246 633; baseline -0.004 -24"><span class='ocrx_word' id='word_1_14' title='bbox 129 541 312 633; x_wconf 89' lang='lat' dir='ltr'><strong>opponitur</strong></span> <span class='ocrx_word' id='word_1_15' title='bbox 325 539 478 626; x_wconf 88' lang='lat' dir='ltr'><strong>Marsus,</strong></span> <span class='ocrx_word' id='word_1_16' title='bbox 504 563 605 629; x_wconf 89' lang='lat' dir='ltr'><strong>quem</strong></span> <span class='ocrx_word' id='word_1_17' title='bbox 620 539 654 608; x_wconf 90' lang='lat' dir='ltr'><strong>in</strong></span> <span class='ocrx_word' id='word_1_18' title='bbox 674 548 746 608; x_wconf 89' lang='lat' dir='ltr'><strong>tota</strong></span> <span class='ocrx_word' id='word_1_19' title='bbox 760 531 970 610; x_wconf 66' lang='lat' dir='ltr'><strong>A&#39;mrzonide</strong></span> <span class='ocrx_word' id='word_1_20' title='bbox 983 537 1089 606; x_wconf 87' lang='lat' dir='ltr'><strong>rarius</strong></span> <span class='ocrx_word' id='word_1_21' title='bbox 1110 560 1246 605; x_wconf 76' lang='lat' dir='ltr'><strong>memo-</strong></span> 
     </span>
     <span class='ocr_line' id='line_1_4' title="bbox 128 639 1246 732; baseline -0.004 -21"><span class='ocrx_word' id='word_1_22' title='bbox 128 644 195 711; x_wconf 90' lang='lat' dir='ltr'><strong>rari</strong></span> <span class='ocrx_word' id='word_1_23' title='bbox 216 643 262 710; x_wconf 92' lang='lat' dir='ltr'><strong>ait</strong></span> <span class='ocrx_word' id='word_1_24' title='bbox 278 639 458 729; x_wconf 78' lang='lat' dir='ltr'>Martialis,</span> <span class='ocrx_word' id='word_1_25' title='bbox 485 664 587 731; x_wconf 90' lang='lat' dir='ltr'><strong>quam</strong></span> <span class='ocrx_word' id='word_1_26' title='bbox 608 642 761 714; x_wconf 82' lang='lat' dir='ltr'><strong>Persium</strong></span> <span class='ocrx_word' id='word_1_27' title='bbox 779 642 813 711; x_wconf 91' lang='lat' dir='ltr'><strong>in</strong></span> <span class='ocrx_word' id='word_1_28' title='bbox 832 656 917 730; x_wconf 82' lang='lat' dir='ltr'><strong>un&#39;o,</strong></span> <span class='ocrx_word' id='word_1_29' title='bbox 944 664 1046 731; x_wconf 90' lang='lat' dir='ltr'><strong>quem</strong></span> <span class='ocrx_word' id='word_1_30' title='bbox 1064 641 1246 732; x_wconf 86' lang='lat' dir='ltr'><strong>scripserit,</strong></span> 
     </span>
     <span class='ocr_line' id='line_1_5' title="bbox 128 743 1290 837; baseline -0.004 -23"><span class='ocrx_word' id='word_1_31' title='bbox 128 746 225 814; x_wconf 89' lang='lat' dir='ltr'><strong>libro.</strong></span> <span class='ocrx_word' id='word_1_32' title='bbox 266 743 451 835; x_wconf 77' lang='lat' dir='ltr'>Utriusque</span> <span class='ocrx_word' id='word_1_33' title='bbox 464 745 567 836; x_wconf 81' lang='lat' dir='ltr'><strong>igitur</strong></span> <span class='ocrx_word' id='word_1_34' title='bbox 577 754 702 836; x_wconf 91' lang='lat' dir='ltr'><strong>poetae</strong></span> <span class='ocrx_word' id='word_1_35' title='bbox 721 767 827 837; x_wconf 90' lang='lat' dir='ltr'><strong>opera</strong></span> <span class='ocrx_word' id='word_1_36' title='bbox 839 745 925 813; x_wconf 90' lang='lat' dir='ltr'><strong>inter</strong></span> <span class='ocrx_word' id='word_1_37' title='bbox 936 767 974 812; x_wconf 88' lang='lat' dir='ltr'><strong>so</strong></span> <span class='ocrx_word' id='word_1_38' title='bbox 989 753 1246 835; x_wconf 88' lang='lat' dir='ltr'><strong>comparantur;</strong></span> <span class='ocrx_word' id='word_1_39' title='bbox 1287 804 1290 809; x_wconf 88' lang='lat'>.</span> 
     </span>
     <span class='ocr_line' id='line_1_6' title="bbox 128 834 1246 940; baseline -0.003 -23"><span class='ocrx_word' id='word_1_40' title='bbox 128 848 192 918; x_wconf 91' lang='lat' dir='ltr'><strong>sed</strong></span> <span class='ocrx_word' id='word_1_41' title='bbox 204 847 303 917; x_wconf 88' lang='lat' dir='ltr'><strong>totius</strong></span> <span class='ocrx_word' id='word_1_42' title='bbox 319 847 567 940; x_wconf 76' lang='lat' dir='ltr'>epigrammatis</span> <span class='ocrx_word' id='word_1_43' title='bbox 583 848 755 917; x_wconf 89' lang='lat' dir='ltr'><strong>consilium</strong></span> <span class='ocrx_word' id='word_1_44' title='bbox 768 847 949 939; x_wconf 88' lang='lat' dir='ltr'><strong>perspicue</strong></span> <span class='ocrx_word' id='word_1_45' title='bbox 962 868 1023 915; x_wconf 88' lang='lat' dir='ltr'><strong>nos</strong></span> <span class='ocrx_word' id='word_1_46' title='bbox 1039 845 1161 934; x_wconf 75' lang='lat' dir='ltr'><strong>docet,</strong></span> <span class='ocrx_word' id='word_1_47' title='bbox 1172 834 1246 914; x_wconf 79' lang='lat' dir='ltr'><strong>lrac</strong></span> 
     </span>
     <span class='ocr_line' id='line_1_7' title="bbox 129 949 1244 1045; baseline -0.003 -26"><span class='ocrx_word' id='word_1_48' title='bbox 129 950 380 1045; x_wconf 88' lang='lat' dir='ltr'><strong>comparatione</strong></span> <span class='ocrx_word' id='word_1_49' title='bbox 394 973 462 1018; x_wconf 94' lang='lat' dir='ltr'><strong>non</strong></span> <span class='ocrx_word' id='word_1_50' title='bbox 471 957 541 1019; x_wconf 91' lang='lat' dir='ltr'><strong>tam</strong></span> <span class='ocrx_word' id='word_1_51' title='bbox 557 959 802 1041; x_wconf 82' lang='lat' dir='ltr'><strong>argumentum,</strong></span> <span class='ocrx_word' id='word_1_52' title='bbox 828 972 930 1040; x_wconf 91' lang='lat' dir='ltr'><strong>quam</strong></span> <span class='ocrx_word' id='word_1_53' title='bbox 944 949 1106 1017; x_wconf 88' lang='lat' dir='ltr'><strong>ambitum</strong></span> <span class='ocrx_word' id='word_1_54' title='bbox 1120 949 1244 1017; x_wconf 87' lang='lat' dir='ltr'><strong>utrius·</strong></span> 
     </span>
     <span class='ocr_line' id='line_1_8' title="bbox 127 1046 1276 1148; baseline -0.001 -26"><span class='ocrx_word' id='word_1_55' title='bbox 127 1060 197 1144; x_wconf 76' lang='lat' dir='ltr'><strong>due</strong></span> <span class='ocrx_word' id='word_1_56' title='bbox 210 1046 325 1148; x_wconf 82' lang='lat' dir='ltr'><strong>operis</strong></span> <span class='ocrx_word' id='word_1_57' title='bbox 343 1053 496 1145; x_wconf 89' lang='lat' dir='ltr'><strong>spectari.</strong></span> <span class='ocrx_word' id='word_1_58' title='bbox 548 1051 731 1144; x_wconf 76' lang='lat' dir='ltr'>Martialis,</span> <span class='ocrx_word' id='word_1_59' title='bbox 757 1053 784 1121; x_wconf 93' lang='lat' dir='ltr'><strong>si</strong></span> <span class='ocrx_word' id='word_1_60' title='bbox 804 1052 888 1143; x_wconf 87' lang='lat' dir='ltr'><strong>quid</strong></span> <span class='ocrx_word' id='word_1_61' title='bbox 907 1051 1023 1138; x_wconf 83' lang='lat' dir='ltr'><strong>video,</strong></span> <span class='ocrx_word' id='word_1_62' title='bbox 1049 1051 1131 1120; x_wconf 82' lang='lat' dir='ltr'><strong>nihil</strong></span> <span class='ocrx_word' id='word_1_63' title='bbox 1152 1051 1245 1121; x_wconf 91' lang='lat' dir='ltr'><strong>aliud</strong></span> <span class='ocrx_word' id='word_1_64' title='bbox 1274 1115 1276 1121; x_wconf 91' lang='lat'><em>.</em></span> 
     </span>
     <span class='ocr_line' id='line_1_9' title="bbox 33 1154 1246 1245; baseline -0.002 -20"><span class='ocrx_word' id='word_1_65' title='bbox 33 1166 40 1173; x_wconf 84' lang='grc'><strong><em>’</em></strong></span> <span class='ocrx_word' id='word_1_66' title='bbox 125 1157 255 1225; x_wconf 73' lang='lat' dir='ltr'><strong>«boore</strong></span> <span class='ocrx_word' id='word_1_67' title='bbox 272 1155 394 1242; x_wconf 85' lang='lat' dir='ltr'><strong>voluit,</strong></span> <span class='ocrx_word' id='word_1_68' title='bbox 433 1154 494 1223; x_wconf 89' lang='lat' dir='ltr'><strong>nisi</strong></span> <span class='ocrx_word' id='word_1_69' title='bbox 517 1155 657 1239; x_wconf 63' lang='lat' dir='ltr'><strong>breuem</strong></span> <span class='ocrx_word' id='word_1_70' title='bbox 681 1164 881 1245; x_wconf 86' lang='lat' dir='ltr'><strong>curtumque</strong></span> <span class='ocrx_word' id='word_1_71' title='bbox 906 1154 1012 1224; x_wconf 89' lang='lat' dir='ltr'><strong>Persii</strong></span> <span class='ocrx_word' id='word_1_72' title='bbox 1030 1155 1154 1225; x_wconf 89' lang='lat' dir='ltr'><strong>librum</strong></span> <span class='ocrx_word' id='word_1_73' title='bbox 1176 1154 1246 1223; x_wconf 82' lang='lat' dir='ltr'><strong>lrac</strong></span> 
     </span>
     <span class='ocr_line' id='line_1_10' title="bbox 125 1257 1330 1351; baseline 0 -25"><span class='ocrx_word' id='word_1_74' title='bbox 125 1260 202 1351; x_wconf 71' lang='lat' dir='ltr'><strong>ipsu</strong></span> <span class='ocrx_word' id='word_1_75' title='bbox 217 1258 386 1327; x_wconf 84' lang='lat' dir='ltr'><strong>brevitatis</strong></span> <span class='ocrx_word' id='word_1_76' title='bbox 404 1259 511 1350; x_wconf 81' lang='lat' dir='ltr'><strong>gratia</strong></span> <span class='ocrx_word' id='word_1_77' title='bbox 535 1267 570 1327; x_wconf 91' lang='lat' dir='ltr'><strong>et</strong></span> <span class='ocrx_word' id='word_1_78' title='bbox 590 1257 879 1328; x_wconf 90' lang='lat' dir='ltr'><strong>commendatione</strong></span> <span class='ocrx_word' id='word_1_79' title='bbox 893 1259 1009 1349; x_wconf 90' lang='lat' dir='ltr'><strong>plures</strong></span> <span class='ocrx_word' id='word_1_80' title='bbox 1029 1257 1178 1326; x_wconf 84' lang='lat' dir='ltr'><strong>invenire</strong></span> <span class='ocrx_word' id='word_1_81' title='bbox 1190 1258 1245 1327; x_wconf 84' lang='lat' dir='ltr'><strong>le·</strong></span> <span class='ocrx_word' id='word_1_82' title='bbox 1327 1298 1330 1303; x_wconf 93' lang='lat'>·</span> 
     </span>
     <span class='ocr_line' id='line_1_11' title="bbox 127 1360 1244 1454; baseline 0.002 -25"><span class='ocrx_word' id='word_1_83' title='bbox 127 1370 383 1450; x_wconf 82' lang='lat' dir='ltr'><strong>&#39;ctores‚.quam</strong></span> <span class='ocrx_word' id='word_1_84' title='bbox 394 1360 502 1442; x_wconf 78' lang='lat' dir='ltr'><strong>Marsi</strong></span> <span class='ocrx_word' id='word_1_85' title='bbox 515 1360 775 1448; x_wconf 71' lang='lat' dir='ltr'><strong>Amazonidum,</strong></span> <span class='ocrx_word' id='word_1_86' title='bbox 798 1362 939 1454; x_wconf 73' lang='lat' dir='ltr'><strong>longum</strong></span> <span class='ocrx_word' id='word_1_87' title='bbox 951 1370 986 1430; x_wconf 92' lang='lat' dir='ltr'><strong>et</strong></span> <span class='ocrx_word' id='word_1_88' title='bbox 999 1368 1129 1429; x_wconf 86' lang='lat' dir='ltr'><strong>vastum</strong></span> <span class='ocrx_word' id='word_1_89' title='bbox 1144 1383 1244 1452; x_wconf 87' lang='lat' dir='ltr'><strong>opus,</strong></span> 
     </span>
     <span class='ocr_line' id='line_1_12' title="bbox 54 1463 1291 1559; baseline 0 -27"><span class='ocrx_word' id='word_1_90' title='bbox 54 1554 57 1559; x_wconf 21' lang='grc' dir='ltr'>Ι</span> <span class='ocrx_word' id='word_1_91' title='bbox 126 1463 222 1554; x_wconf 87' lang='lat' dir='ltr'><strong>quod</strong></span> <span class='ocrx_word' id='word_1_92' title='bbox 240 1486 301 1532; x_wconf 88' lang='lat' dir='ltr'><strong>suo</strong></span> <span class='ocrx_word' id='word_1_93' title='bbox 316 1463 443 1533; x_wconf 91' lang='lat' dir='ltr'><strong>ambitu</strong></span> <span class='ocrx_word' id='word_1_94' title='bbox 464 1463 656 1556; x_wconf 86' lang='lat' dir='ltr'><strong>legentibus</strong></span> <span class='ocrx_word' id='word_1_95' title='bbox 679 1463 827 1533; x_wconf 89' lang='lat' dir='ltr'><strong>taedium</strong></span> <span class='ocrx_word' id='word_1_96' title='bbox 843 1463 963 1532; x_wconf 85' lang='lat' dir='ltr'><strong>afferat</strong></span> <span class='ocrx_word' id='word_1_97' title='bbox 981 1486 1022 1531; x_wconf 81' lang='lat' dir='ltr'><strong>ac</strong></span> <span class='ocrx_word' id='word_1_98' title='bbox 1046 1463 1242 1549; x_wconf 80' lang='lat' dir='ltr'><strong>satietatem.</strong></span> <span class='ocrx_word' id='word_1_99' title='bbox 1288 1534 1291 1538; x_wconf 73' lang='grc'>,</span> 
     </span>
     <span class='ocr_line' id='line_1_13' title="bbox 129 1564 1279 1658; baseline -0.001 -22"><span class='ocrx_word' id='word_1_100' title='bbox 129 1566 426 1652; x_wconf 78' lang='lat' dir='ltr'><strong>Quemadmodum</strong></span> <span class='ocrx_word' id='word_1_101' title='bbox 448 1566 550 1658; x_wconf 84' lang='lat' dir='ltr'><strong>igitur</strong></span> <span class='ocrx_word' id='word_1_102' title='bbox 569 1565 687 1635; x_wconf 88' lang='lat' dir='ltr'><strong>Marso</strong></span> <span class='ocrx_word' id='word_1_103' title='bbox 709 1568 785 1634; x_wconf 92' lang='lat' dir='ltr'>libri</span> <span class='ocrx_word' id='word_1_104' title='bbox 803 1569 854 1636; x_wconf 90' lang='lat' dir='ltr'><strong>sui</strong></span> <span class='ocrx_word' id='word_1_105' title='bbox 878 1567 984 1635; x_wconf 93' lang='lat' dir='ltr'><strong>moles</strong></span> <span class='ocrx_word' id='word_1_106' title='bbox 1003 1564 1129 1657; x_wconf 83' lang='lat' dir='ltr'><strong>obbrit,</strong></span> <span class='ocrx_word' id='word_1_107' title='bbox 1155 1587 1244 1657; x_wconf 74' lang='lat' dir='ltr'><strong>quo-</strong></span> <span class='ocrx_word' id='word_1_108' title='bbox 1276 1610 1279 1617; x_wconf 90' lang='lat'><em>·</em></span> 
     </span>
    </p>
   </div>
   <div class='ocr_carea' id='block_1_3' title="bbox 22 1668 1290 1763">
    <p class='ocr_par' dir='ltr' id='par_1_3' title="bbox 22 1668 1290 1763">
     <span class='ocr_line' id='line_1_14' title="bbox 22 1668 1290 1763; baseline 0.001 -25"><span class='ocrx_word' id='word_1_109' title='bbox 22 1756 28 1763; x_wconf 22' lang='grc' dir='ltr'><em>ι</em></span> <span class='ocrx_word' id='word_1_110' title='bbox 127 1671 234 1739; x_wconf 90' lang='lat' dir='ltr'><strong>minus</strong></span> <span class='ocrx_word' id='word_1_111' title='bbox 257 1668 438 1738; x_wconf 85' lang='lat' dir='ltr'><strong>Amazonis</strong></span> <span class='ocrx_word' id='word_1_112' title='bbox 463 1669 606 1737; x_wconf 89' lang='lat' dir='ltr'><strong>lectione</strong></span> <span class='ocrx_word' id='word_1_113' title='bbox 631 1670 917 1760; x_wconf 81' lang='lat' dir='ltr'><strong>frequentaretur,</strong></span> <span class='ocrx_word' id='word_1_114' title='bbox 950 1672 1123 1759; x_wconf 62' lang='lat' dir='ltr'><strong>suumque</strong></span> <span class='ocrx_word' id='word_1_115' title='bbox 1138 1669 1244 1762; x_wconf 84' lang='lat' dir='ltr'><strong>ipsius</strong></span> <span class='ocrx_word' id='word_1_116' title='bbox 1287 1678 1290 1683; x_wconf 80' lang='grc'><em>’</em></span> 
     </span>
    </p>
   </div>
   <div class='ocr_carea' id='block_1_4' title="bbox 54 1771 1324 3616">
    <p class='ocr_par' dir='ltr' id='par_1_4' title="bbox 54 1771 1324 3616">
     <span class='ocr_line' id='line_1_15' title="bbox 126 1771 1242 1859; baseline 0 -19"><span class='ocrx_word' id='word_1_117' title='bbox 126 1795 252 1840; x_wconf 91' lang='lat' dir='ltr'><strong>nomen</strong></span> <span class='ocrx_word' id='word_1_118' title='bbox 273 1771 515 1859; x_wconf 88' lang='lat' dir='ltr'><strong>celebraretur,</strong></span> <span class='ocrx_word' id='word_1_119' title='bbox 553 1771 600 1841; x_wconf 88' lang='lat' dir='ltr'><strong>ita</strong></span> <span class='ocrx_word' id='word_1_120' title='bbox 629 1773 730 1842; x_wconf 91' lang='lat' dir='ltr'><strong>etiam</strong></span> <span class='ocrx_word' id='word_1_121' title='bbox 748 1772 913 1843; x_wconf 77' lang='lat' dir='ltr'>Martialis</span> <span class='ocrx_word' id='word_1_122' title='bbox 934 1773 1067 1858; x_wconf 90' lang='lat' dir='ltr'><strong>metuit,</strong></span> <span class='ocrx_word' id='word_1_123' title='bbox 1107 1794 1150 1840; x_wconf 90' lang='lat' dir='ltr'><strong>ne</strong></span> <span class='ocrx_word' id='word_1_124' title='bbox 1175 1772 1242 1840; x_wconf 89' lang='lat' dir='ltr'><strong>suis</strong></span> 
     </span>
     <span class='ocr_line' id='line_1_16' title="bbox 127 1871 1324 1966; baseline 0.001 -24"><span class='ocrx_word' id='word_1_125' title='bbox 127 1875 248 1943; x_wconf 85' lang='lat' dir='ltr'><strong>libellis</strong></span> <span class='ocrx_word' id='word_1_126' title='bbox 279 1875 377 1966; x_wconf 86' lang='lat' dir='ltr'><strong>copia</strong></span> <span class='ocrx_word' id='word_1_127' title='bbox 406 1883 441 1942; x_wconf 91' lang='lat' dir='ltr'><strong>et</strong></span> <span class='ocrx_word' id='word_1_128' title='bbox 469 1875 576 1944; x_wconf 86' lang='lat' dir='ltr'><strong>moles</strong></span> <span class='ocrx_word' id='word_1_129' title='bbox 605 1876 717 1946; x_wconf 90' lang='lat' dir='ltr'><strong>obstet</strong></span> <span class='ocrx_word' id='word_1_130' title='bbox 734 1871 974 1965; x_wconf 87' lang='lat' dir='ltr'><strong>lectoremque</strong></span> <span class='ocrx_word' id='word_1_131' title='bbox 999 1875 1101 1943; x_wconf 89' lang='lat' dir='ltr'><strong>lasset</strong></span> <span class='ocrx_word' id='word_1_132' title='bbox 1127 1875 1240 1966; x_wconf 86' lang='lat' dir='ltr'><strong>potius</strong></span> <span class='ocrx_word' id='word_1_133' title='bbox 1321 1931 1324 1951; x_wconf 80' lang='grc'>,</span> 
     </span>
     <span class='ocr_line' id='line_1_17' title="bbox 128 1975 1242 2072; baseline 0.001 -29"><span class='ocrx_word' id='word_1_134' title='bbox 128 2000 230 2068; x_wconf 89' lang='lat' dir='ltr'><strong>quam</strong></span> <span class='ocrx_word' id='word_1_135' title='bbox 252 1977 374 2044; x_wconf 89' lang='lat' dir='ltr'><strong>alliciat</strong></span> <span class='ocrx_word' id='word_1_136' title='bbox 392 1977 615 2072; x_wconf 86' lang='lat' dir='ltr'><strong>allectumque</strong></span> <span class='ocrx_word' id='word_1_137' title='bbox 632 1986 755 2051; x_wconf 80' lang='lat' dir='ltr'><strong>teneat</strong></span> <span class='ocrx_word' id='word_1_138' title='bbox 807 1980 885 2065; x_wconf 81' lang='lat' dir='ltr'><strong>Qua</strong></span> <span class='ocrx_word' id='word_1_139' title='bbox 904 1978 948 2046; x_wconf 92' lang='lat' dir='ltr'><strong>de</strong></span> <span class='ocrx_word' id='word_1_140' title='bbox 969 2000 1086 2046; x_wconf 85' lang='lat' dir='ltr'>caussa</span> <span class='ocrx_word' id='word_1_141' title='bbox 1097 1975 1242 2047; x_wconf 89' lang='lat' dir='ltr'><strong>Pudenti</strong></span> 
     </span>
     <span class='ocr_line' id='line_1_18' title="bbox 128 2079 1243 2176; baseline 0.002 -28"><span class='ocrx_word' id='word_1_142' title='bbox 128 2079 265 2165; x_wconf 87' lang='lat' dir='ltr'><strong>suadet,</strong></span> <span class='ocrx_word' id='word_1_143' title='bbox 304 2087 344 2146; x_wconf 94' lang='lat' dir='ltr'><strong>ut</strong></span> <span class='ocrx_word' id='word_1_144' title='bbox 370 2079 663 2176; x_wconf 83' lang='lat' dir='ltr'><strong>Epigrammatum</strong></span> <span class='ocrx_word' id='word_1_145' title='bbox 694 2084 797 2152; x_wconf 93' lang='lat' dir='ltr'><strong>libros</strong></span> <span class='ocrx_word' id='word_1_146' title='bbox 821 2081 999 2174; x_wconf 90' lang='lat' dir='ltr'><strong>separatim</strong></span> <span class='ocrx_word' id='word_1_147' title='bbox 1027 2082 1135 2173; x_wconf 83' lang='lat' dir='ltr'><strong>legat:</strong></span> <span class='ocrx_word' id='word_1_148' title='bbox 1174 2102 1243 2171; x_wconf 89' lang='lat' dir='ltr'><strong>quo</strong></span> 
     </span>
     <span class='ocr_line' id='line_1_19' title="bbox 75 2180 1243 2277; baseline -0.001 -25"><span class='ocrx_word' id='word_1_149' title='bbox 75 2226 78 2230; x_wconf 82' lang='lat'>.</span> <span class='ocrx_word' id='word_1_150' title='bbox 126 2182 218 2252; x_wconf 80' lang='lat' dir='ltr'><strong>facto</strong></span> <span class='ocrx_word' id='word_1_151' title='bbox 232 2181 382 2261; x_wconf 88' lang='lat' dir='ltr'><strong>futurum</strong></span> <span class='ocrx_word' id='word_1_152' title='bbox 399 2205 473 2251; x_wconf 87' lang='lat' dir='ltr'><strong>esse</strong></span> <span class='ocrx_word' id='word_1_153' title='bbox 486 2180 621 2275; x_wconf 81' lang='lat' dir='ltr'><strong>sperat,</strong></span> <span class='ocrx_word' id='word_1_154' title='bbox 646 2194 684 2277; x_wconf 80' lang='lat' dir='ltr'><strong>ut</strong></span> <span class='ocrx_word' id='word_1_155' title='bbox 698 2185 755 2255; x_wconf 86' lang='lat' dir='ltr'><strong>sui-</strong></span> <span class='ocrx_word' id='word_1_156' title='bbox 767 2184 871 2255; x_wconf 92' lang='lat' dir='ltr'><strong>libelli</strong></span> <span class='ocrx_word' id='word_1_157' title='bbox 890 2207 997 2274; x_wconf 90' lang='lat' dir='ltr'><strong>aeque</strong></span> <span class='ocrx_word' id='word_1_158' title='bbox 1011 2180 1132 2253; x_wconf 88' lang='lat' dir='ltr'><strong>multos</strong></span> <span class='ocrx_word' id='word_1_159' title='bbox 1147 2183 1243 2251; x_wconf 84' lang='lat' dir='ltr'><strong>inve·-</strong></span> 
     </span>
     <span class='ocr_line' id='line_1_20' title="bbox 126 2283 1314 2381; baseline -0.002 -27"><span class='ocrx_word' id='word_1_160' title='bbox 126 2286 218 2355; x_wconf 89' lang='lat' dir='ltr'><strong>uiant</strong></span> <span class='ocrx_word' id='word_1_161' title='bbox 238 2285 401 2372; x_wconf 88' lang='lat' dir='ltr'><strong>lectores,</strong></span> <span class='ocrx_word' id='word_1_162' title='bbox 427 2294 529 2379; x_wconf 83' lang='lat' dir='ltr'><strong>atque</strong></span> <span class='ocrx_word' id='word_1_163' title='bbox 543 2309 628 2356; x_wconf 91' lang='lat' dir='ltr'><strong>unus</strong></span> <span class='ocrx_word' id='word_1_164' title='bbox 651 2297 686 2381; x_wconf 86' lang='lat' dir='ltr'><strong>et</strong></span> <span class='ocrx_word' id='word_1_165' title='bbox 702 2289 812 2357; x_wconf 81' lang='lat' dir='ltr'><strong>brevis</strong></span> <span class='ocrx_word' id='word_1_166' title='bbox 829 2288 935 2356; x_wconf 90' lang='lat' dir='ltr'><strong>Persii</strong></span> <span class='ocrx_word' id='word_1_167' title='bbox 947 2288 1042 2358; x_wconf 87' lang='lat' dir='ltr'><strong>liber.</strong></span> <span class='ocrx_word' id='word_1_168' title='bbox 1094 2286 1192 2376; x_wconf 89' lang='lat' dir='ltr'><strong>Haec</strong></span> <span class='ocrx_word' id='word_1_169' title='bbox 1215 2283 1243 2355; x_wconf 89' lang='lat' dir='ltr'><strong>si</strong></span> <span class='ocrx_word' id='word_1_170' title='bbox 1308 2342 1314 2351; x_wconf 30' lang='lat' dir='ltr'><strong>e</strong></span> 
     </span>
     <span class='ocr_line' id='line_1_21' title="bbox 126 2376 1309 2484; baseline -0.001 -25"><span class='ocrx_word' id='word_1_171' title='bbox 126 2396 313 2474; x_wconf 77' lang='lat' dir='ltr'><strong>vetarunt,</strong></span> <span class='ocrx_word' id='word_1_172' title='bbox 342 2390 572 2478; x_wconf 84' lang='lat' dir='ltr'><strong>consequitur,</strong></span> <span class='ocrx_word' id='word_1_173' title='bbox 598 2414 809 2484; x_wconf 78' lang='lat' dir='ltr'><strong>magnopere</strong></span> <span class='ocrx_word' id='word_1_174' title='bbox 828 2391 916 2477; x_wconf 82' lang='lat' dir='ltr'><strong>falli,</strong></span> <span class='ocrx_word' id='word_1_175' title='bbox 943 2390 1000 2480; x_wconf 91' lang='lat' dir='ltr'><strong>qui</strong></span> <span class='ocrx_word' id='word_1_176' title='bbox 1014 2389 1169 2458; x_wconf 84' lang='lat' dir='ltr'><strong>Marsum</strong></span> <span class='ocrx_word' id='word_1_177' title='bbox 1188 2389 1244 2457; x_wconf 78' lang='lat' dir='ltr'><strong>vi-</strong></span> <span class='ocrx_word' id='word_1_178' title='bbox 1304 2376 1309 2389; x_wconf 79' lang='grc'><em>’</em></span> 
     </span>
     <span class='ocr_line' id='line_1_22' title="bbox 124 2476 1258 2586; baseline -0.002 -24"><span class='ocrx_word' id='word_1_179' title='bbox 124 2476 276 2585; x_wconf 81' lang='lat' dir='ltr'><strong>luperari</strong></span> <span class='ocrx_word' id='word_1_180' title='bbox 288 2514 309 2558; x_wconf 91' lang='lat' dir='ltr'>a</span> <span class='ocrx_word' id='word_1_181' title='bbox 322 2490 477 2559; x_wconf 90' lang='lat' dir='ltr'><strong>Martiale</strong></span> <span class='ocrx_word' id='word_1_182' title='bbox 494 2501 527 2559; x_wconf 89' lang='lat' dir='ltr'><strong>et</strong></span> <span class='ocrx_word' id='word_1_183' title='bbox 543 2494 660 2562; x_wconf 90' lang='lat' dir='ltr'><strong>Persio</strong></span> <span class='ocrx_word' id='word_1_184' title='bbox 673 2495 831 2586; x_wconf 90' lang='lat' dir='ltr'><strong>postponi</strong></span> <span class='ocrx_word' id='word_1_185' title='bbox 847 2495 1024 2586; x_wconf 89' lang='lat' dir='ltr'><strong>opinentur</strong></span> <span class='ocrx_word' id='word_1_186' title='bbox 1046 2493 1120 2585; x_wconf 80' lang='lat'><strong>1⁶).</strong></span> <span class='ocrx_word' id='word_1_187' title='bbox 1152 2493 1258 2585; x_wconf 23' lang='lat' dir='ltr'><strong>Nam·</strong></span> 
     </span>
     <span class='ocr_line' id='line_1_23' title="bbox 126 2593 1243 2686; baseline -0.001 -23"><span class='ocrx_word' id='word_1_188' title='bbox 126 2607 205 2663; x_wconf 87' lang='lat' dir='ltr'><strong>cum</strong></span> <span class='ocrx_word' id='word_1_189' title='bbox 232 2593 319 2662; x_wconf 67' lang='lat' dir='ltr'><strong>leolis</strong></span> <span class='ocrx_word' id='word_1_190' title='bbox 339 2594 528 2684; x_wconf 89' lang='lat' dir='ltr'><strong>appellatur</strong></span> <span class='ocrx_word' id='word_1_191' title='bbox 548 2594 699 2683; x_wconf 89' lang='lat' dir='ltr'><strong>Marsus,</strong></span> <span class='ocrx_word' id='word_1_192' title='bbox 725 2598 806 2686; x_wconf 89' lang='lat' dir='ltr'><strong>nihil</strong></span> <span class='ocrx_word' id='word_1_193' title='bbox 830 2596 969 2664; x_wconf 89' lang='lat' dir='ltr'><strong>indicari</strong></span> <span class='ocrx_word' id='word_1_194' title='bbox 989 2596 1162 2682; x_wconf 81' lang='lat' dir='ltr'><strong>arbitror,</strong></span> <span class='ocrx_word' id='word_1_195' title='bbox 1181 2595 1243 2663; x_wconf 93' lang='lat' dir='ltr'><strong>nisi</strong></span> 
     </span>
     <span class='ocr_line' id='line_1_24' title="bbox 125 2696 1243 2792; baseline 0 -27"><span class='ocrx_word' id='word_1_196' title='bbox 125 2696 160 2765; x_wconf 91' lang='lat' dir='ltr'><strong>ln</strong></span> <span class='ocrx_word' id='word_1_197' title='bbox 182 2719 249 2787; x_wconf 90' lang='lat' dir='ltr'><strong>quo</strong></span> <span class='ocrx_word' id='word_1_198' title='bbox 281 2696 463 2764; x_wconf 82' lang='lat' dir='ltr'><strong>carminum</strong></span> <span class='ocrx_word' id='word_1_199' title='bbox 491 2700 796 2792; x_wconf 71' lang='lat' dir='ltr'><strong>genere&#39;imprimis</strong></span> <span class='ocrx_word' id='word_1_200' title='bbox 826 2701 1018 2791; x_wconf 86' lang='lat' dir='ltr'><strong>eminuerit,</strong></span> <span class='ocrx_word' id='word_1_201' title='bbox 1053 2720 1149 2789; x_wconf 90' lang='lat' dir='ltr'><strong>cum,</strong></span> <span class='ocrx_word' id='word_1_202' title='bbox 1184 2698 1243 2788; x_wconf 90' lang='lat' dir='ltr'><strong>qui</strong></span> 
     </span>
     <span class='ocr_line' id='line_1_25' title="bbox 125 2798 1262 2896; baseline -0.004 -27"><span class='ocrx_word' id='word_1_203' title='bbox 125 2799 282 2869; x_wconf 83' lang='lat' dir='ltr'><strong>breviora</strong></span> <span class='ocrx_word' id='word_1_204' title='bbox 302 2798 409 2866; x_wconf 89' lang='lat' dir='ltr'><strong>modo.</strong></span> <span class='ocrx_word' id='word_1_205' title='bbox 425 2812 600 2891; x_wconf 87' lang='lat' dir='ltr'><strong>poemata,</strong></span> <span class='ocrx_word' id='word_1_206' title='bbox 632 2812 671 2871; x_wconf 91' lang='lat' dir='ltr'><strong>ut</strong></span> <span class='ocrx_word' id='word_1_207' title='bbox 682 2803 952 2896; x_wconf 78' lang='lat' dir='ltr'><strong>epigrammata,</strong></span> <span class='ocrx_word' id='word_1_208' title='bbox 983 2801 1262 2890; x_wconf 61' lang='lat' dir='ltr'><strong>hendecasylla-x</strong></span> 
     </span>
     <span class='ocr_line' id='line_1_26' title="bbox 125 2902 1311 2999; baseline 0.002 -28"><span class='ocrx_word' id='word_1_209' title='bbox 125 2903 209 2990; x_wconf 88' lang='lat' dir='ltr'><strong>bos,</strong></span> <span class='ocrx_word' id='word_1_210' title='bbox 235 2902 385 2991; x_wconf 90' lang='lat' dir='ltr'><strong>aliosque</strong></span> <span class='ocrx_word' id='word_1_211' title='bbox 402 2903 528 2999; x_wconf 83' lang='lat' dir='ltr'><strong>ingenii</strong></span> <span class='ocrx_word' id='word_1_212' title='bbox 542 2905 633 2974; x_wconf 92' lang='lat' dir='ltr'><strong>lusus</strong></span> <span class='ocrx_word' id='word_1_213' title='bbox 650 2907 857 2995; x_wconf 87' lang='lat' dir='ltr'><strong>scribebant,</strong></span> <span class='ocrx_word' id='word_1_214' title='bbox 883 2907 977 2976; x_wconf 83' lang='lat' dir='ltr'><strong>leves</strong></span> <span class='ocrx_word' id='word_1_215' title='bbox 990 2914 1109 2997; x_wconf 87' lang='lat' dir='ltr'><strong>poetas</strong></span> <span class='ocrx_word' id='word_1_216' title='bbox 1123 2904 1243 2973; x_wconf 86' lang='lat' dir='ltr'><strong>usitata</strong></span> <span class='ocrx_word' id='word_1_217' title='bbox 1308 2922 1311 2927; x_wconf 85' lang='grc'><em>·</em></span> 
     </span>
     <span class='ocr_line' id='line_1_27' title="bbox 127 3005 1245 3100; baseline 0 -27"><span class='ocrx_word' id='word_1_218' title='bbox 127 3005 235 3091; x_wconf 91' lang='lat' dir='ltr'><strong>dictos</strong></span> <span class='ocrx_word' id='word_1_219' title='bbox 260 3022 335 3073; x_wconf 90' lang='lat' dir='ltr'><strong>esse</strong></span> <span class='ocrx_word' id='word_1_220' title='bbox 358 3015 497 3074; x_wconf 84' lang='lat' dir='ltr'><strong>constet</strong></span> <span class='ocrx_word' id='word_1_221' title='bbox 563 3007 644 3076; x_wconf 89' lang='lat' dir='ltr'><strong>Jam</strong></span> <span class='ocrx_word' id='word_1_222' title='bbox 671 3031 749 3078; x_wconf 90' lang='lat' dir='ltr'><strong>cum</strong></span> <span class='ocrx_word' id='word_1_223' title='bbox 773 3010 909 3079; x_wconf 90' lang='lat' dir='ltr'><strong>Marsus</strong></span> <span class='ocrx_word' id='word_1_224' title='bbox 940 3008 1106 3100; x_wconf 85' lang='lat' dir='ltr'><strong>ejusmodi</strong></span> <span class='ocrx_word' id='word_1_225' title='bbox 1135 3029 1245 3098; x_wconf 84' lang='lat' dir='ltr'><strong>nugas</strong></span> 
     </span>
     <span class='ocr_line' id='line_1_28' title="bbox 128 3107 1242 3202; baseline -0.001 -25"><span class='ocrx_word' id='word_1_226' title='bbox 128 3107 355 3201; x_wconf 79' lang='lat' dir='ltr'><strong>composuerit</strong></span> <span class='ocrx_word' id='word_1_227' title='bbox 376 3112 411 3176; x_wconf 84' lang='lat' dir='ltr'><strong>bt</strong></span> <span class='ocrx_word' id='word_1_228' title='bbox 430 3109 695 3201; x_wconf 76' lang='lat' dir='ltr'><strong>epigrammatiS,</strong></span> <span class='ocrx_word' id='word_1_229' title='bbox 727 3135 814 3202; x_wconf 91' lang='lat' dir='ltr'><strong>quae</strong></span> <span class='ocrx_word' id='word_1_230' title='bbox 837 3112 1010 3182; x_wconf 87' lang='lat' dir='ltr'><strong>lasciviora</strong></span> <span class='ocrx_word' id='word_1_231' title='bbox 1028 3110 1131 3179; x_wconf 82' lang='lat' dir='ltr'><strong>fuisse</strong></span> <span class='ocrx_word' id='word_1_232' title='bbox 1154 3110 1242 3177; x_wconf 83' lang='lat' dir='ltr'><strong>vidi-</strong></span> 
     </span>
     <span class='ocr_line' id='line_1_29' title="bbox 126 3210 1244 3306; baseline -0.004 -23"><span class='ocrx_word' id='word_1_233' title='bbox 126 3234 219 3300; x_wconf 91' lang='lat' dir='ltr'><strong>mus,</strong></span> <span class='ocrx_word' id='word_1_234' title='bbox 243 3210 450 3300; x_wconf 89' lang='lat' dir='ltr'><strong>inclaruerit,</strong></span> <span class='ocrx_word' id='word_1_235' title='bbox 475 3212 557 3282; x_wconf 92' lang='lat' dir='ltr'><strong>nihil</strong></span> <span class='ocrx_word' id='word_1_236' title='bbox 580 3215 736 3306; x_wconf 85' lang='lat' dir='ltr'><strong>profecto</strong></span> <span class='ocrx_word' id='word_1_237' title='bbox 756 3211 883 3302; x_wconf 89' lang='lat' dir='ltr'><strong>obstat,</strong></span> <span class='ocrx_word' id='word_1_238' title='bbox 910 3238 979 3306; x_wconf 91' lang='lat' dir='ltr'><strong>quo</strong></span> <span class='ocrx_word' id='word_1_239' title='bbox 999 3214 1108 3284; x_wconf 88' lang='lat' dir='ltr'><strong>minus</strong></span> <span class='ocrx_word' id='word_1_240' title='bbox 1128 3231 1206 3280; x_wconf 90' lang='lat' dir='ltr'><strong>eum</strong></span> <span class='ocrx_word' id='word_1_241' title='bbox 1221 3236 1244 3280; x_wconf 88' lang='lat' dir='ltr'><strong>a</strong></span> 
     </span>
     <span class='ocr_line' id='line_1_30' title="bbox 126 3313 1242 3410; baseline -0.002 -26"><span class='ocrx_word' id='word_1_242' title='bbox 126 3315 302 3401; x_wconf 87' lang='lat' dir='ltr'><strong>Martiale,</strong></span> <span class='ocrx_word' id='word_1_243' title='bbox 329 3313 400 3406; x_wconf 86' lang='lat' dir='ltr'><strong>ejus</strong></span> <span class='ocrx_word' id='word_1_244' title='bbox 422 3316 574 3402; x_wconf 91' lang='lat' dir='ltr'><strong>aemulo,</strong></span> <span class='ocrx_word' id='word_1_245' title='bbox 600 3338 678 3386; x_wconf 87' lang='lat' dir='ltr'><strong>curn</strong></span> <span class='ocrx_word' id='word_1_246' title='bbox 691 3318 792 3386; x_wconf 90' lang='lat' dir='ltr'><strong>laude</strong></span> <span class='ocrx_word' id='word_1_247' title='bbox 804 3319 916 3410; x_wconf 78' lang='lat' dir='ltr'><strong>levem</strong></span> <span class='ocrx_word' id='word_1_248' title='bbox 933 3319 1058 3386; x_wconf 91' lang='lat' dir='ltr'><strong>dictum</strong></span> <span class='ocrx_word' id='word_1_249' title='bbox 1073 3324 1242 3408; x_wconf 89' lang='lat' dir='ltr'><strong>putemus.</strong></span> 
     </span>
     <span class='ocr_line' id='line_1_31' title="bbox 54 3414 1242 3510; baseline -0.003 -22"><span class='ocrx_word' id='word_1_250' title='bbox 54 3498 57 3508; x_wconf 20' lang='grc' dir='ltr'><strong><em>γ</em></strong></span> <span class='ocrx_word' id='word_1_251' title='bbox 127 3419 247 3505; x_wconf 79' lang='lat' dir='ltr'><strong>Quid?</strong></span> <span class='ocrx_word' id='word_1_252' title='bbox 273 3418 301 3486; x_wconf 88' lang='lat' dir='ltr'><strong>si</strong></span> <span class='ocrx_word' id='word_1_253' title='bbox 322 3414 484 3486; x_wconf 86' lang='lat' dir='ltr'><strong>Martialis</strong></span> <span class='ocrx_word' id='word_1_254' title='bbox 507 3418 576 3488; x_wconf 93' lang='lat' dir='ltr'><strong>hoc</strong></span> <span class='ocrx_word' id='word_1_255' title='bbox 596 3420 659 3489; x_wconf 93' lang='lat' dir='ltr'><strong>sibi</strong></span> <span class='ocrx_word' id='word_1_256' title='bbox 676 3422 797 3490; x_wconf 81' lang='lat' dir='ltr'><strong>voluit:</strong></span> <span class='ocrx_word' id='word_1_257' title='bbox 823 3424 884 3490; x_wconf 93' lang='lat' dir='ltr'><strong>etsi</strong></span> <span class='ocrx_word' id='word_1_258' title='bbox 899 3421 1032 3488; x_wconf 83' lang='lat' dir='ltr'><strong>Marsus</strong></span> <span class='ocrx_word' id='word_1_259' title='bbox 1052 3442 1116 3510; x_wconf 93' lang='lat' dir='ltr'><strong>per</strong></span> <span class='ocrx_word' id='word_1_260' title='bbox 1136 3427 1242 3486; x_wconf 91' lang='lat' dir='ltr'><strong>totam</strong></span> 
     </span>
     <span class='ocr_line' id='line_1_32' title="bbox 126 3520 1242 3616; baseline -0.004 -25"><span class='ocrx_word' id='word_1_261' title='bbox 126 3520 370 3591; x_wconf 85' lang='lat' dir='ltr'><strong>Amazonidem</strong></span> <span class='ocrx_word' id='word_1_262' title='bbox 393 3520 479 3589; x_wconf 79' lang='lat' dir='ltr'><strong>levis</strong></span> <span class='ocrx_word' id='word_1_263' title='bbox 493 3530 545 3589; x_wconf 90' lang='lat' dir='ltr'><strong>est</strong></span> <span class='ocrx_word' id='word_1_264' title='bbox 562 3521 596 3591; x_wconf 88' lang='lat' dir='ltr'><strong>h.</strong></span> <span class='ocrx_word' id='word_1_265' title='bbox 620 3546 649 3594; x_wconf 83' lang='lat' dir='ltr'><strong>a.</strong></span> <span class='ocrx_word' id='word_1_266' title='bbox 667 3523 819 3616; x_wconf 89' lang='lat' dir='ltr'><strong>lepidus,</strong></span> <span class='ocrx_word' id='word_1_267' title='bbox 839 3525 956 3593; x_wconf 64' lang='lat' dir='ltr'><strong>‘dulcis</strong></span> <span class='ocrx_word' id='word_1_268' title='bbox 979 3535 1012 3591; x_wconf 91' lang='lat' dir='ltr'><strong>et</strong></span> <span class='ocrx_word' id='word_1_269' title='bbox 1032 3522 1129 3613; x_wconf 84' lang='lat' dir='ltr'><strong>nugis</strong></span> <span class='ocrx_word' id='word_1_270' title='bbox 1150 3521 1242 3588; x_wconf 91' lang='lat' dir='ltr'><strong>ludi-</strong></span> 
     </span>
    </p>
   </div>
   <div class='ocr_carea' id='block_1_5' title="bbox 127 3617 1243 3721">
    <p class='ocr_par' dir='ltr' id='par_1_5' title="bbox 127 3617 1243 3721">
     <span class='ocr_line' id='line_1_33' title="bbox 127 3617 1243 3721; baseline -0.001 -29"><span class='ocrx_word' id='word_1_271' title='bbox 127 3625 258 3715; x_wconf 90' lang='lat' dir='ltr'><strong>crisque</strong></span> <span class='ocrx_word' id='word_1_272' title='bbox 272 3623 408 3717; x_wconf 91' lang='lat' dir='ltr'><strong>plenus,</strong></span> <span class='ocrx_word' id='word_1_273' title='bbox 434 3632 546 3694; x_wconf 85' lang='lat' dir='ltr'><strong>tamen</strong></span> <span class='ocrx_word' id='word_1_274' title='bbox 559 3617 638 3721; x_wconf 85' lang='lat' dir='ltr'><strong>ejus·</strong></span> <span class='ocrx_word' id='word_1_275' title='bbox 653 3627 808 3717; x_wconf 90' lang='lat' dir='ltr'><strong>carmini,</strong></span> <span class='ocrx_word' id='word_1_276' title='bbox 834 3651 911 3699; x_wconf 89' lang='lat' dir='ltr'><strong>cum</strong></span> <span class='ocrx_word' id='word_1_277' title='bbox 930 3628 1070 3720; x_wconf 84' lang='lat' dir='ltr'><strong>longum</strong></span> <span class='ocrx_word' id='word_1_278' title='bbox 1090 3625 1147 3711; x_wconf 90' lang='lat' dir='ltr'><strong>sit,</strong></span> <span class='ocrx_word' id='word_1_279' title='bbox 1172 3645 1243 3692; x_wconf 90' lang='lat' dir='ltr'><strong>non</strong></span> 
     </span>
    </p>
   </div>
   <div class='ocr_carea' id='block_1_6' title="bbox 50 3914 1274 4333">
    <p class='ocr_par' dir='ltr' id='par_1_6' title="bbox 50 3914 1274 4333">
     <span class='ocr_line' id='line_1_34' title="bbox 193 3914 1245 4000; baseline -0.025 -3"><span class='ocrx_word' id='word_1_280' title='bbox 193 3914 242 3985; x_wconf 69' lang='grc'><strong>15)</strong></span> <span class='ocrx_word' id='word_1_281' title='bbox 259 3918 318 4000; x_wconf 57' lang='lat'><strong>‚¹⁸⁸</strong></span> <span class='ocrx_word' id='word_1_282' title='bbox 332 3923 526 3991; x_wconf 57' lang='lat' dir='ltr'><strong>amoenata.</strong></span> <span class='ocrx_word' id='word_1_283' title='bbox 538 3941 565 3978; x_wconf 83' lang='lat' dir='ltr'><strong>r.</strong></span> <span class='ocrx_word' id='word_1_284' title='bbox 582 3940 685 3991; x_wconf 76' lang='lat' dir='ltr'><strong>omnes,</strong></span> <span class='ocrx_word' id='word_1_285' title='bbox 710 3918 775 3994; x_wconf 79' lang='lat' dir='ltr'><strong>quos</strong></span> <span class='ocrx_word' id='word_1_286' title='bbox 789 3924 868 3992; x_wconf 82' lang='lat' dir='ltr'><strong>novi,</strong></span> <span class='ocrx_word' id='word_1_287' title='bbox 890 3926 1047 3994; x_wconf 81' lang='lat' dir='ltr'><strong>interpretes</strong></span> <span class='ocrx_word' id='word_1_288' title='bbox 1060 3928 1101 3990; x_wconf 84' lang='lat' dir='ltr'><strong>et,</strong></span> <span class='ocrx_word' id='word_1_289' title='bbox 1124 3920 1174 3990; x_wconf 84' lang='lat' dir='ltr'><strong>qni</strong></span> <span class='ocrx_word' id='word_1_290' title='bbox 1191 3935 1245 3973; x_wconf 53' lang='lat' dir='ltr'><strong>aaa</strong></span> 
     </span>
     <span class='ocr_line' id='line_1_35' title="bbox 125 3985 1245 4062; baseline 0.004 -25"><span class='ocrx_word' id='word_1_291' title='bbox 125 4001 173 4054; x_wconf 82' lang='lat' dir='ltr'><strong>per</strong></span> <span class='ocrx_word' id='word_1_292' title='bbox 184 3985 335 4042; x_wconf 80' lang='lat' dir='ltr'><strong>Martialem</strong></span> <span class='ocrx_word' id='word_1_293' title='bbox 351 3991 378 4045; x_wconf 86' lang='lat' dir='ltr'><strong>in</strong></span> <span class='ocrx_word' id='word_1_294' title='bbox 391 4000 509 4047; x_wconf 80' lang='lat' dir='ltr'><strong>nostram</strong></span> <span class='ocrx_word' id='word_1_295' title='bbox 529 4011 674 4048; x_wconf 74' lang='lat' dir='ltr'><strong>aer-monam</strong></span> <span class='ocrx_word' id='word_1_296' title='bbox 697 3997 841 4062; x_wconf 84' lang='lat' dir='ltr'><strong>convertit,</strong></span> <span class='ocrx_word' id='word_1_297' title='bbox 865 3998 1043 4049; x_wconf 84' lang='lat' dir='ltr'><strong>Wiilmannus</strong></span> <span class='ocrx_word' id='word_1_298' title='bbox 1062 4012 1088 4061; x_wconf 86' lang='lat' dir='ltr'><strong>p.</strong></span> <span class='ocrx_word' id='word_1_299' title='bbox 1098 3993 1142 4049; x_wconf 69' lang='lat'><strong>25.</strong></span> <span class='ocrx_word' id='word_1_300' title='bbox 1178 3989 1245 4042; x_wconf 81' lang='lat' dir='ltr'><strong>Per-</strong></span> 
     </span>
     <span class='ocr_line' id='line_1_36' title="bbox 50 4056 1247 4136; baseline -0.023 2"><span class='ocrx_word' id='word_1_301' title='bbox 50 4078 52 4081; x_wconf 80' lang='grc'>’</span> <span class='ocrx_word' id='word_1_302' title='bbox 125 4057 179 4108; x_wconf 61' lang='lat'><strong>⁸³¹²</strong></span> <span class='ocrx_word' id='word_1_303' title='bbox 193 4056 261 4108; x_wconf 57' lang='grc' dir='ltr'><strong>ΨΜ</strong></span> <span class='ocrx_word' id='word_1_304' title='bbox 276 4060 344 4111; x_wconf 60' lang='grc' dir='ltr'><strong>Μ’·</strong></span> <span class='ocrx_word' id='word_1_305' title='bbox 360 4065 429 4128; x_wconf 67' lang='lat' dir='ltr'><strong>ifle</strong></span> <span class='ocrx_word' id='word_1_306' title='bbox 443 4065 559 4118; x_wconf 69' lang='lat' dir='ltr'><strong>mmor</strong></span> <span class='ocrx_word' id='word_1_307' title='bbox 577 4067 608 4117; x_wconf 76' lang='lat' dir='ltr'><strong>oo</strong></span> <span class='ocrx_word' id='word_1_308' title='bbox 628 4067 688 4119; x_wconf 62' lang='lat' dir='ltr'><strong>aaa</strong></span> <span class='ocrx_word' id='word_1_309' title='bbox 710 4067 828 4136; x_wconf 55' lang='lat' dir='ltr'><strong>coargui·</strong></span> <span class='ocrx_word' id='word_1_310' title='bbox 841 4067 983 4128; x_wconf 63' lang='lat' dir='ltr'><strong>aoruca,</strong></span> <span class='ocrx_word' id='word_1_311' title='bbox 1006 4067 1052 4115; x_wconf 71' lang='lat' dir='ltr'><strong>Ao</strong></span> <span class='ocrx_word' id='word_1_312' title='bbox 1065 4064 1113 4117; x_wconf 70' lang='lat' dir='ltr'><strong>rer</strong></span> <span class='ocrx_word' id='word_1_313' title='bbox 1130 4061 1247 4124; x_wconf 72' lang='lat' dir='ltr'><strong>marm,</strong></span> 
     </span>
     <span class='ocr_line' id='line_1_37' title="bbox 126 4125 1274 4203; baseline -0.005 -16"><span class='ocrx_word' id='word_1_314' title='bbox 126 4125 174 4177; x_wconf 69' lang='lat' dir='ltr'><strong>dtr</strong></span> <span class='ocrx_word' id='word_1_315' title='bbox 186 4125 259 4177; x_wconf 64' lang='lat' dir='ltr'><strong>tubal</strong></span> <span class='ocrx_word' id='word_1_316' title='bbox 272 4142 324 4179; x_wconf 78' lang='lat' dir='ltr'><strong>voa</strong></span> <span class='ocrx_word' id='word_1_317' title='bbox 337 4130 487 4185; x_wconf 76' lang='lat' dir='ltr'><strong>Amazooco</strong></span> <span class='ocrx_word' id='word_1_318' title='bbox 497 4134 665 4203; x_wconf 76' lang='lat' dir='ltr'><strong>gcscbwutst.</strong></span> <span class='ocrx_word' id='word_1_319' title='bbox 698 4135 800 4189; x_wconf 85' lang='lat' dir='ltr'><strong>Facere</strong></span> <span class='ocrx_word' id='word_1_320' title='bbox 816 4153 867 4187; x_wconf 86' lang='lat' dir='ltr'><strong>non</strong></span> <span class='ocrx_word' id='word_1_321' title='bbox 886 4151 990 4203; x_wconf 82' lang='lat' dir='ltr'><strong>possum</strong></span> <span class='ocrx_word' id='word_1_322' title='bbox 1012 4133 1075 4199; x_wconf 87' lang='lat' dir='ltr'><strong>quin</strong></span> <span class='ocrx_word' id='word_1_323' title='bbox 1093 4130 1139 4183; x_wconf 91' lang='lat' dir='ltr'><strong>hic</strong></span> <span class='ocrx_word' id='word_1_324' title='bbox 1157 4128 1245 4182; x_wconf 75' lang='lat' dir='ltr'><strong>tribus</strong></span> <span class='ocrx_word' id='word_1_325' title='bbox 1260 4177 1274 4195; x_wconf 68' lang='grc'>,</span> 
     </span>
     <span class='ocr_line' id='line_1_38' title="bbox 61 4193 1246 4282; baseline -0.015 -13"><span class='ocrx_word' id='word_1_326' title='bbox 61 4211 70 4232; x_wconf 71' lang='lat'>²</span> <span class='ocrx_word' id='word_1_327' title='bbox 125 4193 213 4250; x_wconf 57' lang='grc' dir='ltr'><strong>ΝΜ·</strong></span> <span class='ocrx_word' id='word_1_328' title='bbox 223 4199 331 4280; x_wconf 56' lang='grc' dir='ltr'><strong>ΜΨ</strong></span> <span class='ocrx_word' id='word_1_329' title='bbox 343 4199 489 4282; x_wconf 65' lang='lat' dir='ltr'><strong>pprmbam</strong></span> <span class='ocrx_word' id='word_1_330' title='bbox 504 4203 614 4257; x_wconf 81' lang='lat' dir='ltr'><strong>Getuari</strong></span> <span class='ocrx_word' id='word_1_331' title='bbox 630 4203 817 4272; x_wconf 62' lang='lat' dir='ltr'><strong>amphionem,</strong></span> <span class='ocrx_word' id='word_1_332' title='bbox 834 4221 887 4272; x_wconf 87' lang='lat' dir='ltr'><strong>qua</strong></span> <span class='ocrx_word' id='word_1_333' title='bbox 904 4202 1016 4256; x_wconf 81' lang='lat' dir='ltr'><strong>Domitii</strong></span> <span class='ocrx_word' id='word_1_334' title='bbox 1027 4201 1112 4264; x_wconf 81' lang='lat' dir='ltr'><strong>Marsi</strong></span> <span class='ocrx_word' id='word_1_335' title='bbox 1124 4200 1246 4255; x_wconf 74' lang='lat' dir='ltr'><strong>Amazo-</strong></span> 
     </span>
     <span class='ocr_line' id='line_1_39' title="bbox 126 4262 976 4333; baseline -0.007 -1"><span class='ocrx_word' id='word_1_336' title='bbox 126 4262 189 4320; x_wconf 77' lang='lat' dir='ltr'><strong>aa</strong></span> <span class='ocrx_word' id='word_1_337' title='bbox 200 4264 316 4321; x_wconf 69' lang='lat' dir='ltr'><strong>meam</strong></span> <span class='ocrx_word' id='word_1_338' title='bbox 327 4276 460 4326; x_wconf 70' lang='lat' dir='ltr'><strong>amoma</strong></span> <span class='ocrx_word' id='word_1_339' title='bbox 473 4264 508 4326; x_wconf 76' lang='lat' dir='ltr'><strong>aa</strong></span> <span class='ocrx_word' id='word_1_340' title='bbox 521 4273 636 4329; x_wconf 74' lang='lat' dir='ltr'><strong>noram</strong></span> <span class='ocrx_word' id='word_1_341' title='bbox 649 4274 723 4333; x_wconf 72' lang='lat' dir='ltr'><strong>nor.</strong></span> <span class='ocrx_word' id='word_1_342' title='bbox 735 4276 780 4330; x_wconf 79' lang='grc' dir='ltr'><strong>ιν.</strong></span> <span class='ocrx_word' id='word_1_343' title='bbox 793 4275 837 4330; x_wconf 73' lang='lat' dir='ltr'><strong>aa</strong></span> <span class='ocrx_word' id='word_1_344' title='bbox 850 4274 876 4328; x_wconf 79' lang='lat' dir='ltr'><strong>a.</strong></span> <span class='ocrx_word' id='word_1_345' title='bbox 892 4291 919 4329; x_wconf 74' lang='lat' dir='ltr'><strong>v.</strong></span> <span class='ocrx_word' id='word_1_346' title='bbox 932 4273 976 4327; x_wconf 84' lang='lat' dir='ltr'><strong>ar.</strong></span> 
     </span>
    </p>
   </div>
   <div class='ocr_carea' id='block_1_7' title="bbox 0 0 1388 4838">
    <p class='ocr_par' dir='ltr' id='par_1_7' title="bbox 0 0 1388 4838">
     <span class='ocr_line' id='line_1_40' title="bbox 0 0 1388 4838; baseline 0 0"><span class='ocrx_word' id='word_1_347' title='bbox 0 0 1388 4838; x_wconf 95' lang='lat' dir='ltr'><strong> </strong></span> 
     </span>
    </p>
   </div>
  </div>
 </body>
</html>
