2768 4838
162 259 215 339 'lb
473 282 538 333 ua
577 283 786 335 uasere
824 285 1003 379 roera

161 442 246 511 ruris
267 439 426 532 vestigia,
459 462 547 530 quae
577 461 645 507 non
666 439 773 507 solum
795 437 942 509 Lucretii
973 450 1008 508 et
1028 437 1152 510 Catulli
1173 440 1287 511 adhuc

161 544 360 613 carminibus
383 541 533 623 videmus
558 543 740 632 impressa3
753 542 828 618 ¹sed
847 543 969 611 eadem
988 544 1089 611 etiam
1104 547 1287 635 conspicua

159 648 262 717 fuisse
275 647 309 714 ib
320 646 486 737 poermtis
499 646 625 732 Laevii,
653 667 800 733 quocum
824 644 898 713 illos
911 645 1005 713 haud
1029 647 1139 715 multis
1157 646 1285 717 direm-

158 760 236 845 ptos
269 748 431 842 gradibus
464 748 579 816 aetatis
605 747 723 816 vixisse
755 747 917 835 diximrue,
958 748 1136 838 Reliquiae
1167 772 1285 821 eorum

158 854 237 923 satis
250 860 421 920 testantur.
448 851 530 920 Jam
548 850 583 917 iu
595 859 699 933 tauta
714 850 809 941 quod
826 861 898 919 tum
914 850 1060 943 vigebat,
1086 852 1284 925 formandae

123 952 128 977 '
157 956 204 1025 ed
234 978 369 1033 omnem
409 954 614 1045 elegantiam
649 953 806 1021 orationis
839 952 950 1021 studio
982 975 1051 1021 nou
1081 957 1217 1041 mirum,
1254 940 1282 1024 si

156 1058 300 1129 Laevius
316 1080 377 1127 sua
396 1056 736 1147 edituruspoemata,
761 1078 850 1145 quae
867 1056 1053 1147 implicata
1076 1058 1177 1127 fuisse
1203 1053 1281 1151 §.5

91 1166 94 1171 ’
156 1170 192 1231 et
213 1159 253 1228 d.
279 1160 470 1246 docuimus,
495 1159 688 1242 verebatur,
714 1181 757 1226 ne
781 1178 860 1227 suae
882 1159 1040 1228 orationis
1061 1160 1213 1229 scabritie
1239 1184 1280 1231 ac

156 1263 260 1333 veluti
283 1250 427 1333 reduviis
440 1262 612 1354 politiores
636 1259 827 1329 offenderet
849 1262 1017 1352 aequales.
1068 1261 1166 1333 Haec
1179 1262 1280 1355 igitur

154 1366 324 1458 reputanti
348 1364 430 1433 mibi
453 1365 623 1455 impense,
646 1363 766 1450 fateor,
791 1363 917 1433 arridet
944 1374 1108 1456 peracuta
1132 1368 1280 1457 suspicio

155 1468 335 1561 aarum,
371 1466 463 1535 bunc
490 1468 692 1536 Scazontem
735 1466 941 1535 attribuentis
967 1467 1106 1537 Laevia.
1167 1468 1281 1553 Quem

65 1616 68 1621 -
155 1594 238 1642 vero
263 1592 396 1639 versum
420 1592 524 1660 quum
538 1569 631 1638 idem
647 1569 693 1637 ad
703 1569 821 1639 Laevii
832 1570 970 1639 lnonem
981 1569 1179 1661 pertinuisse
1196 1594 1281 1645 conv

150 1673 238 1768 jicit,
262 1673 431 1743 nullaalia
448 1673 566 1740 ductus
587 1695 715 1757 caussa,
740 1671 803 1739 nisi
828 1672 922 1762 quod
945 1670 1099 1763 ejusdem
1113 1675 1280 1764 poematis

155 1778 400 1869 Fragmentum
427 1776 580 1867 proxime
605 1775 757 1868 superius
783 1775 907 1845 eodem
923 1775 1021 1843 metri
1044 1796 1172 1866 genere
1194 1779 1279 1845 acri-

154 1890 254 1973 ptum
282 1879 476 1965 videbatur,
510 1901 611 1947 nemo
645 1901 713 1947 nou
736 1879 909 1971 intelligit,
940 1876 1010 1947 hoc
1043 1888 1279 1970 argumentum

155 2004 259 2073 quam
282 1983 357 2050 leve
383 1982 424 2049 sit
448 1990 550 2071 atque
573 1981 745 2075 incertum
796 1980 878 2072 Ego
902 1980 997 2049 illum
1005 1978 1207 2049 Scazontem
1232 1982 1278 2049 ad

153 2085 408 2179 Erotopaegnia
420 2085 537 2153 Laevii
549 2085 719 2153 retulerim
733 2092 906 2176 sumptum
922 2106 964 2152 ex
988 2092 1157 2176 poemate,
1182 2083 1278 2177 quud

152 2188 188 2257 in
212 2188 324 2257 fronte
355 2189 412 2257 vel
441 2188 540 2255 unius
572 2189 649 2256 libri
673 2188 730 2256 vel
754 2187 853 2255 totius
879 2186 992 2278 operis
1017 2187 1164 2278 positum
1188 2210 1277 2283 poe-

149 2300 243 2361 mata
268 2290 375 2374 amieo
402 2291 535 2358 cuidam
559 2292 616 2360 vel
639 2290 820 2359 lectoribus
846 2289 1099 2358 commendarit.
1342 2361 1347 2373 ⁸

164 2384 167 2389 ¹
203 2394 247 2463 X.
278 2394 465 2462 P1iscianus
479 2394 555 2462 Lib.
573 2394 617 2462 X.
642 2416 678 2485 p.
691 2391 779 2461 ΘΠ.
793 2394 832 2461 Ρ.
884 2392 1047 2479 „Pellicui
1060 2414 1197 2481 quoque
1210 2414 1276 2483 pro

151 2496 275 2589 pellexi
301 2506 432 2564 veteres
460 2497 680 2589 protulerunt.
739 2496 853 2563 Livius
884 2496 920 2564 in
948 2495 1150 2564 Laodamia:
1200 2494 1277 2565 Aac

149 2620 243 2668 nanc
268 2599 458 2691 quaepiam
483 2598 560 2667 ulia
583 2607 619 2667 te
632 2599 694 2667 illo
707 2596 868 2667 Asiatica
881 2596 1186 2691 ornatu-affinem,
1212 2605 1277 2667 aut

153 2698 336 2773 Sardiano
362 2724 408 2770 ac
423 2701 539 2792 Lydio
554 2700 711 2795 fislgeue
736 2701 866 2769 decore
887 2708 922 2769 at
934 2701 1058 2793 garta
1078 2700 1275 2793 pellicuit.“

252 2804 409 2874 Krehlius
435 2804 479 2875 T.
495 2804 520 2872 l.
537 2828 574 2897 p.
588 2802 692 2891 414„
719 2803 773 2872 eui
787 2802 873 2875 Cod.
887 2803 1028 2895 Erlang.
1045 2803 1079 2872 2.
1105 2801 1275 2891 Naeuius,

149 2906 369 2999 Heidelberg.
386 2906 521 2976 Lanius
543 2917 577 2975 et
596 2930 681 2976 corr.
708 2906 830 2975 Livius
849 2906 1058 2992 obtulerunt,
1084 2914 1155 2973 tum
1171 2904 1273 2997 hqjus

34 3056 39 3061 -
151 3009 239 3080 cod.
273 3020 344 3077 tum
362 3009 464 3077 Luth.
499 3011 695 3078 auctoritate
732 3010 851 3079 ductus
870 3010 1026 3093 Laeuius
1054 3008 1204 3099 reposuit
1239 3017 1276 3077 et

149 3136 215 3206 pro
230 3112 535 3205 vungiaedumia
547 3112 631 3181 Mss.
644 3112 802 3181 Heidelb.
817 3113 889 3180 Erl.
916 3110 950 3181 1.
965 3111 1000 3184 2.
1026 3110 1127 3179 Lutla
1141 3119 1274 3181 secutus

149 3215 338 3299 rudiorem‚
369 3225 408 3283 ut
426 3216 488 3301 ait,
528 3215 673 3283 formam
693 3214 904 3283 Laudamia
924 3214 1037 3284 edidit
1086 3214 1186 3281 Haec
1208 3236 1274 3283 no-

17 3294 32 3317 l
150 3320 248 3386 minis
259 3319 368 3387 forma
381 3318 590 3387 Laradarnia
613 3320 780 3410 reperitur
805 3319 907 3387 etiam
930 3319 965 3386 in
987 3318 1066 3407 aliq.
1083 3316 1196 3385 codd.
1204 3316 1273 3385 Ju-
1326 3352 1328 3357 π

150 3423 225 3489 atini
250 3422 327 3490 Lib.
340 3421 497 3491 xxvllt
524 3444 554 3489 o.
569 3420 605 3488 d.
638 3423 697 3490 nbi
722 3431 836 3491 tamen
853 3421 1045 3493 Gronovius
1067 3418 1273 3489 Laodamia

149 3525 301 3592 servavit.
349 3524 403 3605 lta
425 3524 636 3593 Laamadun
667 3546 733 3617 pro
758 3524 974 3595 Laomedon.
1000 3522 1121 3592 Festus
1153 3545 1189 3614 p.
1209 3520 1270 3588 21.

92 3620 94 3624 ⁴
148 3625 1089 3719 ‚AlummtoprobaumedoatiaveteribuaRomaais
1106 3624 1272 3693 necdum

148 3729 309 3799 adsuetis
335 3729 504 3799 Graecae
528 3732 677 3825 linguae
696 3730 832 3799 dictum
855 3737 924 3799 est:
954 3731 1013 3799 ubi
1029 3728 1102 3797 Jos.
1118 3728 1271 3819 Scaliger

147 3832 350 3923 suspicatur,
381 3832 522 3903 Festmn
542 3834 695 3902 incidisse
713 3834 763 3903 'iu
795 3833 998 3924 depravatos
1024 3832 1158 3901 codices
1172 3831 1272 3917 Livii,

147 3957 253 4025 aquo
275 3936 434 4026 seriptum
458 3938 776 4022 fueritLaumcato‚
802 3945 840 4005 ut
865 3960 999 4028 semper
1024 3944 1153 4004 veteres
1171 3935 1273 4003 etiam
1339 3940 1342 3944 ’

145 4039 348 4131 posteriores
375 4041 521 4109 scribere
547 4042 811 4110 consuevissentt
835 4039 870 4107 in
894 4039 946 4107 luis
961 4039 1137 4107 Petronius
1164 4060 1193 4105 c.
1208 4032 1269 4106 89.

146 4163 178 4211 v.
200 4142 262 4209 43.
304 4138 426 4233 insulis
449 4142 594 4212 stabant
617 4146 715 4214 sacri
737 4143 970 4236 Phrygiaque
1003 4141 1099 4209 cultu
1123 4141 1272 4232 gemina

146 4246 224 4316 auti
247 4246 410 4339 pignora
422 4246 621 4317 Laucouter
645 4270 747 4339 quam
761 4257 874 4318 umen
898 4246 1077 4315 lectionem
1101 4245 1211 4313 nullus
1224 4242 1271 4311 ibi

618 4440 637 4479 0
