2768 4838
123 262 220 337 aaa*
302 284 352 335 aa
375 285 411 352 a.
436 282 585 336 ιιιιιιιιι
607 280 743 335 amoos
760 280 1120 339 oaraaomronmua·

127 437 171 506 sir
185 433 296 534 verbis
313 439 506 505 attertaturr
529 431 758 521 „Pacuviano
770 439 868 503 carte
887 440 924 502 et
938 432 1077 503 Attium
1097 450 1167 501 non
1187 453 1249 502 ao-

129 538 203 609 lam
221 535 443 629 tragoediis,
479 535 555 606 aed.
572 536 682 607 etiam
710 535 928 607 orationibus
954 537 1028 607 aaa
1056 537 1249 629 eapreaaio

13 723 16 729 ,
130 639 629 712 odeoduraaetaiccuaeat.“
701 646 704 651 '

232 739 531 827 Quemadmodum
559 742 662 836 igitur
690 740 847 810 lubenter
874 740 1112 830 concedimus,
1153 741 1249 834 quod

132 843 388 915 concedendum
407 855 476 932 est,
500 844 632 915 Horatii
651 853 761 916 aetate
779 844 926 937 viguisse
947 845 1103 935 antiquae
1122 845 1156 914 in
1171 868 1250 914 car·

131 949 275 1018 minibus
300 945 544 1039 componendis
573 947 726 1017 dictionis
755 947 919 1035 studium,
951 971 1088 1040 prorsus
1113 957 1250 1017 contra·-

63 1101 64 1104 =
130 1051 290 1137 rinnai,
314 1051 409 1141 qnod
429 1053 502 1144 ipse
523 1060 721 1142 sequeretur
744 1060 778 1119 et
793 1050 982 1143 adamaret;
1006 1053 1063 1121 ita,
1075 1074 1250 1145 pernega-

23 1181 26 1185 ·
67 1156 69 1161 ’
133 1176 227 1243 mur,
252 1175 331 1222 eoru
347 1154 416 1223 sire
431 1161 551 1247 sponte
568 1155 638 1224 aive
657 1155 847 1222 lacessitum
863 1146 1063 1247 aggressum
1083 1177 1156 1223 essa
1179 1177 1250 1245 eoa,

135 1256 194 1353 qui
208 1254 255 1325 do
266 1257 365 1349 poesi
378 1255 518 1348 ejusque
534 1269 608 1327 arte
623 1279 738 1344 secus,
763 1279 865 1346 quam
877 1257 970 1348 ipse,
989 1262 1189 1343 statuerent,
1214 1267 1253 1328 at

5 1454 8 1459 Ι
134 1358 170 1428 ia
183 1358 366 1429 scribendis
380 1357 545 1452 poematia
558 1369 710 1429 veterum
722 1358 809 1433 Latii
818 1370 997 1452 poetarum
1011 1361 1153 1452 vestigia
1167 1384 1253 1453 pre·

134 1485 229 1532 mere
249 1461 421 1549 mallent,¹
436 1483 541 1554 quam
565 1461 793 1548 Graecorum,
826 1462 1036 1552 adquorum
1059 1466 1252 1555 exemplum

136 1566 213 1658 ipse
236 1588 274 1634 ee
292 1574 402 1634 totum
432 1571 668 1656 componebat
726 1567 817 1635 Nam
840 1566 1047 1657 profectori
1075 1590 1144 1656 qua
1161 1576 1254 1636 esset

136 1668 229 1738 facta
243 1675 423 1761 poetarum
440 1669 476 1738 iu
493 1666 579 1738 duaa
591 1677 714 1761 ,partes
733 1667 912 1754 abscessio,
938 1691 1006 1736 non
1027 1667 1167 1737 dubium
1190 1679 1252 1759 est,

65 1763 68 1770 ’
137 1773 219 1862 quin
237 1770 363 1861 aliquid
381 1771 426 1840 de
447 1769 678 1863 gravioribus,
702 1792 805 1860 quam
822 1771 1079 1862 Hermogenes,
1104 1773 1252 1842 Fannius

60 1908 65 1918 ·
138 1877 177 1943 et'
187 1875 311 1943 caetori
321 1873 565 1944 homunciones
578 1873 730 1959 fubrunt,
755 1873 889 1943 alterius
909 1874 1014 1965 partis
1034 1876 1182 1967 patronis
1194 1876 1252 1943 in-

102 2041 112 2049 ,
137 1977 328 2045 andnemun
348 1986 382 2046 et
399 1979 544 2046 relatum
557 1979 757 2070 legeremus.
807 1976 856 2045 Et
874 1999 1057 2068 ponamus,
1080 2001 1253 2071 pugnasse

136 2102 204 2172 pro
219 2087 370 2149 veterum
392 2088 572 2173 poetarum
597 2081 813 2167 auctoritate,
850 2101 872 2147 a
900 2080 1039 2171 Virgilio
1070 2081 1254 2170 deminuta,

138 2181 284 2252 Bavium
300 2190 335 2250 et
352 2182 527 2253 Maeuium
543 2181 691 2273 ideoque
714 2192 896 2272 utrumque
917 2182 1107 2251 aMarone
1128 2184 1252 2277 Eclog.

138 2283 246 2354 nav.
263 2278 494 2359 ao..1uniort0
508 2286 661 2356 habitum
684 2308 777 2355 ease:
801 2307 911 2354 nonne
929 2308 1063 2355 onmem
1083 2286 1254 2378 pudorem
1284 2304 1289 2312 ·

16 2410 20 2419 ·
140 2410 183 2456 ac
202 2388 415 2481 prudentiam
439 2389 589 2483 ojumet
609 2388 767 2480 Virgilius
793 2411 931 2456 necesse
954 2399 1042 2473 erat,
1074 2411 1254 2481 opponens

139 2491 232 2578 illos,
255 2500 429 2584 amquam
441 2494 605 2586 pessimos
622 2501 759 2589 poetas,
783 2490 899 2559 Asinio
919 2492 1078 2576 Pollioni,
1103 2503 1141 2559 ut
1159 2493 1254 2584 opti-

140 2615 198 2662 mo
210 2603 350 2686 poetae,
375 2596 472 2686 utqui
482 2596 516 2665 in
530 2594 596 2665 auis
609 2593 793 2687 tragoediis
806 2594 990 2662 Pacuvium
1003 2604 1037 2664 et
1049 2595 1176 2676 Attium
1191 2617 1256 2663 ox—

138 2695 317 2788 primeret,
342 2720 385 2767 er
401 2699 511 2768 alieno
532 2699 667 2768 saeculo
684 2702 821 2788 peteret
843 2699 947 2765 verba
969 2706 1003 2766 et
1032 2697 1076 2765 ad
1102 2697 1257 2790 Appium

139 2820 248 2888 usque
268 2809 303 2869 et
321 2799 367 2869 ad
382 2800 625 2872 Coruncanium
645 2799 789 2886 rediret,
820 2813 858 2866 ιιι
873 2810 953 2890 ιιιιι
972 2800 1082 2869 verbis
1102 2801 1258 2870 seneen

138 2899 249 2993 Epist.
262 2901 384 2973 CXIV.
400 2899 436 3000 §.
453 2904 513 2975 lt.
544 2906 659 2994 Atque
675 2902 831 2972 eumdem
844 2902 935 2972 huno
954 2904 1091 2972 Pacuvii
1104 2905 1258 2993 Attiiquc
1278 2958 1288 2969 .

139 3002 338 3075 imitatorem
352 3006 511 3076 Horatios
522 3007 593 3077 Sat.
608 3008 635 3075 l.
651 3005 710 3075 lt).
725 3005 758 3073 ιζ
771 3001 833 3077 85.
848 3007 883 3073 in
904 3007 951 3074 eis
971 3005 1083 3097 ponit,
1109 3029 1258 3095 quornm

133 3105 268 3200 judicio
283 3109 312 3177 si
326 3132 387 3179 sna
399 3111 545 3205 probata
556 3110 680 3179 fuerim
693 3108 849 3194 carmina,
867 3108 1031 3200 Tigellius
1045 3109 1257 3178 Demetrius-

141 3231 209 3301 que
221 3210 307 3280 inter
319 3212 558 3306 discipulamm
572 3211 750 3282 cathedras
766 3212 902 3303 plorare
916 3210 1035 3303 jubet!
1067 3213 1129 3298 At,
1156 3211 1259 3280 dixe·

141 3313 185 3382 rit
201 3313 339 3404 aliquia,
363 3318 590 3408 periculosum
605 3314 767 3406 quiddam
781 3321 853 3382 erat
866 3324 900 3382 et
919 3314 1125 3405 imprudens,
1141 3323 1257 3382 tantae

141 3417 249 3485 virum
262 3419 498 3510 auctoritatis,
512 3428 657 3509 quantae
669 3426 742 3486 erat
754 3417 863 3486 Pollio
870 3413 1100 3509 ,impugnare
1113 3416 1257 3509 ejusque

142 3516 329 3589 studiorum
357 3523 521 3598 rationem
542 3522 753 3614 improbare3
786 3521 924 3611 impune
944 3530 1056 3588 autern
1077 3530 1112 3588 ct
1135 3530 1256 3610 tutum,

139 3619 303 3709 Maeviis,
328 3622 462 3694 Fanniis
481 3624 623 3716 aliisque
650 3623 792 3715 hujusce
815 3624 948 3715 generis
975 3623 1256 3691 versificatoribus

107 3776 114 3797 .
143 3710 307 3795 effrenata
325 3726 480 3797 libertate
493 3738 595 3819 atque
607 3725 760 3796 illiberali
781 3726 974 3817 petulantia
982 3726 1132 3794 illudere.
1185 3724 1257 3810 Qui
1296 3792 1303 3801 ,

141 3826 219 3895 hot
224 3829 287 3896 sibi
305 3831 527 3952 persuadeat,
552 3831 580 3899 is
600 3852 722 3898 vereor
742 3851 784 3897 ue
804 3851 872 3896 non
893 3841 1109 3920 perspectum
1130 3827 1258 3896 habeat

140 3925 274 3999 Horatii
288 3932 435 4002 animum
439 3935 521 4025 ,qni
534 3933 694 4054 pristinae
707 3932 867 3999 libertatis
884 3955 1017 3999 sensum
1030 3922 1087 4000 illo
1100 3941 1259 4023 tempore

100 4119 102 4125 s
140 4034 314 4103 nondum
304 4045 351 4103 ιιι
364 4045 519 4124 aruerat,
544 4045 582 4104 ut
595 4036 658 4104 civi
671 4058 707 4104 ae
722 4035 913 4126 potentiori,
940 4057 1026 4124 quae
1046 4037 1193 4117 sentiret,
1214 4057 1257 4102 ea

140 4136 247 4205 libere
262 4149 448 4229 aperteque
462 4139 561 4208 fateri
579 4137 814 4232 pertimuisset.
865 4136 951 4230 Ejus
971 4138 1020 4206 rei
1040 4139 1115 4205 illus
1116 4148 1166 4206 tre
1190 4135 1260 4205 do

140 4248 332 4310 numentum
352 4253 405 4311 eat
424 4242 573 4336 ingenua
593 4250 629 4313 ct
648 4241 843 4336 perurbana
864 4239 1018 4329 libertas,
1042 4262 1112 4332 qua
1133 4240 1260 4311 uscia-
