2768 4838
106 312 177 388 dS
420 332 487 387 nu
529 332 732 384 annulo
768 333 946 386 nourr.

48 569 52 597 Ι
125 493 258 580 dolam,
282 489 398 584 porgit
410 489 681 584 Peerlkampiua‚
706 492 813 561 refert
834 490 919 560 illud
940 489 1087 585 derige,
1112 487 1249 582 praeci-

124 619 196 692 pue
213 595 451 687 odorieaquue,
476 595 570 684 quod
585 595 724 688 Virgilio
744 617 881 686 quoquc
903 596 950 663 ita
970 596 1078 662 visum
1094 593 1165 680 fnit,
1190 593 1249 683 qui

124 702 190 770 iata
213 720 300 767 voce
322 697 493 784 abstinuit,
529 699 587 765 ubi
612 720 740 790 ponere
764 697 898 783 debuit,
931 720 1063 791 proque
1084 718 1126 764 ea
1148 696 1250 763 alium

122 802 284 907 posuit,
296 798 404 869 minus
435 801 694 893 significantem,
734 801 796 870 sed
827 802 944 893 magis
956 801 1119 868 usitatam.
1169 798 1250 868 Hoc

126 904 251 998 collegi
279 925 323 972 ex
344 902 558 971 adnotatione
572 904 679 973 Servii
702 903 747 971 ad
766 903 825 971 lv.
849 904 937 973 Aen.
961 925 993 970 ι.
1003 900 1090 970 132.
1142 896 1249 970 Mae

124 1008 378 1101 eyliqueruuat
392 1006 523 1096 cqrritee
537 1014 571 1074 et
585 1006 700 1075 odora
713 1027 841 1075 cunam
852 1007 922 1076 vio:
947 1006 1082 1074 Servius
1096 1001 1250 1090 „odora

124 1131 196 1181 nou
222 1108 335 1197 olens,
360 1105 423 1177 ned
446 1109 620 1179 odorem
610 1110 788 1178 inveniens.
839 1108 962 1202 Engo'
952 1107 1137 1200 improprie
1157 1106 1248 1175 dixit.

124 1214 211 1285 'tria
229 1219 324 1297 runt,
358 1210 519 1297 odomm,
554 1210 649 1303 quod
667 1234 732 1304 per
753 1234 791 1280 se
812 1213 899 1301 olet,
933 1211 1128 1297 odoratum,
1155 1206 1250 1300 quod

124 1313 260 1385 aliunde
281 1313 424 1383 odorem
444 1315 582 1407 accipit,
609 1323 644 1383 et
657 1314 907 1405 odorisequum,
932 1313 1026 1403 quod
1039 1312 1180 1381 odorem
1193 1332 1249 1379 so-¹

126 1419 263 1510 quitur.
299 1416 509 1487 Slcutmodo
523 1417 567 1485 de
581 1417 717 1486 camlrus
733 1418 849 1486 debuit
864 1416 1010 1486 dicere.“
1058 1416 1113 1486 De
1127 1413 1250 1483 uva-

124 1523 165 1591 rii
187 1522 265 1590 loco
289 1517 357 1588 diri
378 1518 414 1587 in
427 1520 535 1612 Epist.
552 1518 635 1588 crit.
652 1521 698 1588 ad
721 1520 833 1590 Vulci.
850 1520 966 1589 Flacci
979 1519 1110 1611 Αιςοιι.
1134 1540 1170 1609 p.
1187 1510 1249 1585 85.

124 1623 249 1696 Ulitiua
268 1621 314 1689 ad
328 1622 520 1691 Nemesian
536 1620 672 1715 Cyneg.
698 1646 730 1692 ι.
745 1620 831 1693 235.
855 1620 1023 1715 Namque
1043 1628 1077 1691 et
1100 1621 1251 1689 odorato

125 1732 273 1797 noscunt
296 1725 453 1817 uestigia
472 1732 596 1819 proto,
621 1726 740 1819 Atque
768 1726 875 1795 etium
914 1726 1076 1818 lepomm
1109 1728 1251 1791 emata

126 1828 261 1901 cutilia
286 1835 503 1896 monotrmo:
540 1829 672 1897 retinuit
703 1829 796 1922 vulg.
826 1835 927 1897 certa
955 1826 1085 1897 cerdilio
1113 1823 1183 1892 lroc
1214 1824 1249 1892 in

126 1952 238 2017 versu,
262 1949 365 2019 quem
378 1929 435 1998 lric
443 1930 562 2000 Naevii
575 1932 709 1999 nomine
722 1931 847 2019 iaudat,
873 1931 928 1999 cui
941 1941 1084 2021 quatuor
1097 1928 1170 1997 illos
1192 1948 1248 2018 up.

125 2031 366 2104 Terentianum
391 2055 506 2124 versun
528 2056 597 2101 non
616 2035 725 2126 magis
747 2034 892 2104 adscribi
909 2056 1012 2128 posse
1032 2030 1250 2103 cerdsdmum

71 2171 74 2178 ¹
126 2136 277 2225 videtur,
308 2156 414 2225 quum
433 2134 532 2206 Livio
558 2136 765 2210 Andronico.

216 2336 370 2427 ¹Primus,
395 2337 489 2431 quod
504 2339 617 2428 sciam,
640 2338 722 2410 huic
735 2338 927 2411 Terentiani
943 2338 987 2408 de
1000 2337 1098 2409 Livio
1114 2334 1253 2407 Andro-

129 2443 208 2514 nico
222 2442 413 2519 testimonio
426 2445 688 2513 controversiam
705 2447 809 2514 movit
823 2446 897 2517 Jos.
906 2444 1069 2536 Scaliger,
1096 2441 1155 2531 qui
1169 2460 1264 2531 per<

88 2576 90 2584 ·
126 2555 263 2616 conatur
285 2547 320 2629 in
346 2543 475 2615 Yvoniu
494 2544 693 2616 Vtiliomari
714 2548 915 2616 Aremorici
936 2547 972 2615 ia
996 2546 1091 2613 1οιοο
1114 2548 1254 2612 contro·

127 2670 249 2719 cerem
270 2646 361 2717 llud.
389 2646 472 2716 1161
491 2648 833 2720 Animadvereorum
854 2648 945 2719 libro
964 2648 1042 2717 Lib.
1064 2646 1121 2717 Vl.
1145 2667 1175 2712 c.
1191 2641 1253 2711 21.

126 2776 163 2846 p.
179 2749 256 2819 129
270 2775 297 2820 ι.
321 2750 375 2819 ed.
400 2749 434 2819 2.
462 2745 573 2821 1591.
608 2753 714 2821 ιι11ιιιιι
740 2776 875 2822 versum
899 2752 1091 2835 heroicum,
1127 2745 1255 2816 nedum

127 2851 303 2949 μείουροι
316 2853 477 2946 scriptum
491 2877 567 2924 esse
585 2855 716 2925 aLirio
728 2856 923 2926 Andronico
939 2854 1085 2946 negarit,
1110 2852 1255 2938 illosque

127 2978 244 3026 remus
269 2949 464 3053 μειούρους
493 2957 663 3028 ιΙιιοιὶο
684 2960 857 3050 profectus
881 2958 1016 3026 censuit.
1068 2953 1153 3047 Ejus
1171 2974 1255 3019 seu-

128 3060 268 3129 tentiam
284 3058 386 3128 tacite
407 3061 581 3151 amplexus
605 3062 737 3129 videtur
759 3063 803 3130 N.
816 3062 996 3143 Heinsius}
1014 3057 1075 3148 qui
1088 3056 1133 3123 ad
1148 3053 1255 3122 Glau-

129 3162 220 3235 diun.
247 3161 282 3230 d.
295 3161 340 3229 lt
362 3161 457 3231 Pros.
472 3163 515 3233 11.
542 3186 574 3233 ι.
586 3162 671 3232 148.
696 3163 760 3232 hos
784 3187 898 3232 versus
913 3163 1029 3232 Laeuii
1047 3160 1180 3229 nurnine
1199 3154 1255 3225 al'-

128 3267 206 3335 lert.
265 3263 394 3334 Verum
419 3273 532 3334 tamen
557 3267 631 3335 don.
656 3266 832 3360 Scaligero
866 3275 939 3334 tum
967 3265 1002 3336 1ι.
1024 3266 1065 3351 1.,
1106 3271 1178 3331 tum
1207 3256 1256 3327 ad

128 3367 315 3439 Festuma.
338 3390 369 3438 ι.
392 3374 576 3477 topperp.
594 3368 686 3438 57³
707 3370 864 3462 neganti,
891 3368 1053 3461 scriptum
1066 3388 1140 3435 esse
1153 3387 1174 3431 a
1188 3362 1255 3431 Li-

129 3471 186 3540 vlo
205 3469 400 3540 Andronico
419 3458 680 3558 Hexametrum,
715 3473 875 3564 reli-agati
899 3470 1038 3540 snntG.
1057 3467 1256 3561 Sagittarius

129 3571 419 3649 incommentd.
436 3566 534 3643 lnrio
556 3575 663 3644 Andr.
690 3569 829 3668 §.vlit
856 3599 899 3695 p.
909 3572 943 3643 6.
966 3584 1000 3642 et
1015 3571 1190 3641 Sentenius
1211 3566 1257 3637 ad

130 3675 322 3745 Terentiam
347 3674 413 3744 M.
424 3698 458 3746 ι.
482 3674 593 3746 1611.
617 3700 655 3771 p,
670 3675 757 3751 231.
783 3676 899 3746 sed'
867 3700 939 3770 eJus
965 3674 1187 3757 sententiam,
1200 3669 1257 3741 cui

131 3778 235 3851 etiam
254 3775 408 3847 Osannus
431 3779 465 3847 iu
483 3780 584 3856 Anal.
618 3802 654 3872 p.
673 3778 733 3848 36.
760 3781 997 3873 adstipulatur,
1023 3775 1201 3846 vindicavit
1223 3781 1259 3842 et

132 3881 224 3956 omni
240 3881 362 3954 exemit
377 3881 581 3954 dubitatione
588 3883 801 3952 Hermaunns
824 3885 859 3951 in
871 3881 981 3953 Elem.
1007 3882 1050 3950 1).
1064 3880 1117 3950 M.
1130 3874 1257 3947 Lib.ll.

133 4007 164 4054 c.
185 3981 246 4052 26.
279 3977 317 4077 §.
335 3980 369 4054 2.
394 4006 430 4076 p.
447 3982 533 4055 332.
574 3986 709 4071 Quanto
728 3987 831 4080 igitur
852 3987 961 4079 magis
987 3993 1083 4052 vetus
1114 3983 1177 4050 iste
1186 3964 1259 4049 Vn-

134 4109 250 4187 romm
267 4083 453 4156 Doctorum
479 4110 573 4159 error
592 4090 749 4181 explosus
773 4089 959 4174 videbatur,
984 4095 1078 4155 tanto
1093 4085 1260 4177 majorem

132 4191 218 4279 milri
232 4189 313 4258 iecit
334 4190 541 4261 mirationem
554 4192 713 4281 Bothius,
740 4216 797 4285 qm
786 4192 859 4261 ad
872 4192 958 4260 Livii
971 4189 1125 4260 Andron.
1151 4188 1259 4278 Trrg.

136 4293 258 4366 hcet
280 4291 467 4449 Fmgm8.
490 4316 526 4389 p
535 4293 594 4368 14
619 4296 730 4365 denuo
744 4295 949 4388 probatum
938 4295 998 4364 ruit
1014 4315 1130 4364 versus
1143 4288 1260 4359 heroi-
