2768 4838
126 266 204 353 1⁰8
367 289 423 347 nn
448 290 480 339 c.
507 290 680 341 urcanro
706 265 857 341 oanro
879 291 1046 341 roura·

126 446 214 519 7⁰8.
234 447 396 542 scriptum
416 446 476 529 sit;
500 455 612 539 patet,
637 444 717 519 eum
738 457 816 517 ante
837 447 929 517 hunc
952 471 1076 517 annum
1095 449 1163 518 vita
1183 473 1244 519 ex-

128 553 277 623 cessisse.
329 550 481 633 ¹Accedit
497 551 589 619 alind
603 550 708 641 idque
723 553 908 621 accuratius
932 552 1003 644 ejus
1021 553 1072 621 rei
1091 555 1244 621 testimo-

125 657 236 742 nium,
259 653 446 747 petendum
459 653 541 725 illud
558 674 601 723 ex
618 653 788 725 Ciceronis
801 655 910 747 Epist·
926 655 1004 724 Lib.
1019 655 1093 730 XV.
1110 656 1153 723 ad
1166 657 1244 727 niv.

126 758 199 829 21.Ι
213 771 302 848 qnae
325 757 534 848 epistolarii
556 757 794 844 Tratorium,
809 758 843 827 in
866 757 1030 849 Hiapauia
1052 760 1244 850 provinciae

102 920 108 929 .
124 860 301 955 pacandae
317 868 636 947 contaminantem,
662 884 778 929 meuse
791 850 974 930 Decembri
993 884 1024 929 a.
1041 859 1086 929 U.
1103 860 1142 931 0.
1156 860 1244 930 tot.

126 965 206 1034 data
218 972 287 1052 est,
310 963 346 1031 iu
362 963 457 1055 cujus
475 985 593 1031 manns
607 973 745 1033 venerat
759 964 925 1033 nescimus
950 987 1018 1054 quo
1041 986 1120 1033 casu
1141 964 1244 1031 Tullii

126 1068 294 1159 quaedam
308 1067 451 1158 epistola
465 1065 511 1135 ad
526 1067 686 1155 Calvum,
710 1069 747 1135 in
763 1090 832 1157 qua
844 1089 923 1136 cum
938 1067 1147 1159 amplissimis
1168 1067 1245 1135 lau-

126 1171 225 1241 dibus
252 1177 429 1248 oruaverat
458 1168 598 1261 ejusque
618 1169 791 1263 ingenium
821 1180 856 1239 et
879 1169 1018 1239 dicendi
1051 1170 1244 1239 facultatem

125 1274 299 1345 extulerat
347 1270 489 1341 Miranti
502 1273 539 1341 id
550 1274 724 1343 Trebonio
743 1274 880 1366 exponit
894 1274 930 1343 in
948 1274 1005 1341 illa
1020 1274 1163 1364 epistola
1183 1272 1244 1342 Ci-

126 1399 206 1446 cero
220 1377 386 1462 rabones,
412 1376 533 1465 quibua
546 1375 715 1447 adductus
731 1376 876 1447 curum
888 1386 1068 1468 tantopere
1090 1376 1244 1462 laudarit,

71 1501 72 1504 ¹
125 1480 231 1571 idque
250 1502 288 1549 aa
308 1478 439 1553 fecisse,
452 1479 516 1567 ait,
548 1480 688 1571 partim,
723 1480 801 1570 quia
829 1479 967 1572 deejua
984 1480 1121 1572 ingenio
1144 1479 1245 1547 valde

126 1583 359 1653 existimaverit
374 1582 482 1668 bene,
507 1583 630 1674 partim
652 1584 697 1653 de
712 1583 890 1669 industria,
917 1582 1190 1672 qnandoquidem
1211 1583 1246 1650 in

17 1678 20 1683 ’
126 1684 304 1755 cautando
327 1685 512 1776 plurimum
531 1685 658 1774 valeat,
684 1687 712 1756 si
732 1686 849 1755 laudea
870 1709 980 1773 enmp
993 1708 1097 1775 quem
1119 1685 1246 1753 cohor-

125 1797 220 1861 tere·
260 1787 343 1857 lam
356 1808 457 1855 nemo
474 1787 553 1876 erit„
580 1789 677 1878 quin,
703 1789 769 1858 lrac
783 1789 927 1882 epistola
941 1796 1067 1857 attente
1084 1789 1246 1878 perlecta,

125 1891 307 1983 intelligat,
334 1888 535 1961 Ciceronem
554 1890 599 1989 rie
618 1891 727 1962 Caluo
745 1893 840 1983 loqui
859 1892 1053 1983 nuperrime
1073 1890 1246 1977 defuncto,

125 1995 173 2063 ita
186 2003 226 2062 ut
246 2014 325 2062 enm
343 1993 473 2063 circiter
495 2016 525 2067 a
548 1991 594 2065 U.
613 1993 659 2065 C.
675 1992 762 2064 706.
790 1994 880 2063 diem
906 2014 1101 2088 supremum
1123 1995 1247 2063 obiisse

125 2097 209 2167 mihi
237 2098 281 2166 sit
299 2096 582 2171 verisimillimum.
646 2097 784 2167 Laudes
807 2108 942 2183 antem,
978 2099 1100 2187 quibus
1123 2096 1245 2167 Cicero

128 2199 272 2270 Calvum
283 2199 319 2267 in
333 2199 392 2267 llla
407 2200 552 2290 epistola
566 2209 788 2287 mactaverat,
804 2200 886 2269 nibil
899 2198 1033 2287 dubito,
1052 2200 1131 2289 quin
1145 2201 1247 2267 hlau-

125 2302 224 2373 ditiaa
247 2303 359 2377 dicam
380 2301 617 2394 habeamque,
653 2304 784 2393 qulbus,
799 2303 1012 2371 familiaritati
1035 2324 1113 2387 cum
1138 2302 1245 2371 Calvo

124 2407 368 2497 simulataeque
376 2406 540 2475 amicitiae
553 2406 757 2477 velificatum
771 2406 1003 2477 esaeTullium
1018 2428 1122 2497 supra
1134 2406 1247 2498 euspi-

125 2511 192 2579 cati
211 2530 324 2579 sumus
352 2507 428 2600 1⁶).
667 2521 670 2527 ·
760 2526 763 2533 ·
911 2566 915 2573 .

226 2610 351 2681 Calvus
361 2618 476 2681 noster
488 2609 654 2680 Naturam
671 2607 842 2689 ‚habuerat
860 2611 895 2681 iu
918 2610 1105 2680 tribuendis
1120 2609 1247 2700 ingenii

123 2713 259 2784 dotibus
282 2715 476 2800 fautricem,
502 2714 625 2803 quibus
641 2711 819 2805 diligenter
840 2716 979 2784 excultis
997 2715 1034 2783 irl
1048 2721 1246 2782 consecutus

124 2828 193 2901 est,
213 2827 267 2903 nt,
283 2826 368 2887 teate
387 2817 464 2908 ipso
478 2816 644 2887 Cicerone
657 2817 694 2893 iu
704 2817 765 2885 Bc.
783 2840 813 2886 c.
828 2814 891 2887 82.
908 2818 944 2889 e't
958 2819 1026 2909 Ep.
1056 2815 1102 2884 ad
1117 2815 1246 2884 Divers.

123 2920 198 2991 XV.
225 2919 305 3008 21„
336 2920 518 2989 multarum
538 2919 844 2989 et·recondltarum
864 2922 1036 2991 literarum
1060 2918 1195 2987 scientia
1212 2927 1249 2986 et

124 3032 284 3093 accurato
304 3024 535 3113 exquisitaque
550 3022 684 3093 dicendi
700 3044 828 3115 genere
840 3024 1003 3093 illustrem
1016 3024 1104 3089 inter
1118 3042 1248 3109 aequa-

124 3128 174 3195 les
190 3135 320 3197 teneret
332 3126 456 3195 locum.
509 3125 589 3210 Quo
605 3133 719 3195 autem
740 3126 857 3194 aetatis
874 3149 961 3195 auno
976 3124 1158 3193 oratoriam
1171 3125 1249 3191 lau·-

124 3228 206 3299 dem
226 3231 263 3299 iu
281 3229 358 3297 foro
380 3229 571 3321 auspicatur
594 3228 665 3316 rit,
687 3228 876 3319 colligimus
898 3252 941 3297 ex
960 3229 1048 3299 Dial.
1073 3227 1118 3296 de
1140 3225 1248 3298 Oratt.

126 3356 156 3402 c.
174 3331 236 3404 34.
286 3329 391 3403 Nono
407 3332 690 3410 decimouetatia
704 3352 798 3399 anno
812 3332 854 3401 L.
874 3331 1027 3403 &uerna
1051 3329 1091 3402 G.
1112 3328 1250 3400 Carbo·
1312 3352 1315 3357 ·

124 3457 225 3522 aena,
250 3456 321 3505 uno
339 3442 374 3505 et
386 3435 551 3505 vicesimo
568 3433 714 3505 Caesar
727 3432 977 3522 Dolabellam,
1002 3436 1119 3505 oltero
1139 3440 1174 3501 et
1193 3433 1249 3501 vi-

85 3602 88 3607 .
124 3539 255 3609 ceaimo
270 3538 416 3609 Atiniae
429 3537 546 3625 Pollio
564 3535 604 3608 C.
622 3535 810 3624 Catonem,
836 3562 905 3609 non
920 3540 1031 3609 multo
1047 3544 1167 3606 aetate
1181 3556 1249 3602 aa·

122 3641 291 3713 teredona
317 3640 658 3714 calumniatam
680 3641 724 3712 iia
747 3643 963 3742 arctioribus
988 3639 1134 3713 inaccuti
1156 3643 1247 3723 aaut,

193 3942 244 4013 15)
277 3944 404 3997 Hannon
417 3941 531 4011 pertinet
542 3943 616 3997 loom
630 3941 763 3997 Ciceronis
774 3943 809 3997 ml
824 3942 904 3997 elttio.
917 3943 943 3997 1.
958 3959 1001 4009 ep.
1014 3939 1058 3994 16.
1097 3936 1172 3991 Nocti
1187 3936 1250 3990 cu-

124 4030 201 4081 oum,
219 4031 251 4066 ea
264 4012 430 4077 Nanneianis
443 4014 534 4076 utun,
551 4014 624 4066 illum
641 4012 805 4066 laudatorem
820 4030 905 4066 meam
917 4012 951 4064 ric
965 4010 1037 4077 cojr'n
1052 4008 1167 4061 oratione
1182 4024 1251 4076 erga

123 4102 167 4138 nra
181 4083 322 4149 bonon'fieo
336 4083 374 4135 art
384 4090 412 4136 te
424 4083 595 4168 rcrlprernmr
611 4098 664 4149 quo
677 4082 705 4135 iu
719 4082 778 4135 loco
795 4098 846 4134 non
860 4082 1057 4137 (lalvurnnatar
1074 4076 1251 4158 oratorum

128 4155 166 4207 M.
186 4154 297 4206 &aaut
315 4168 377 4203 cum
395 4167 518 4206 animine
538 4151 720 4223 significatur,
746 4157 776 4206 nt
814 4158 856 4204 nat
877 4149 1028 4205 Munatium
1049 4155 1076 4201 et
1100 4147 1251 4198 Ernertrum

126 4223 204 4277 docte
223 4220 344 4288 expernit
366 4221 473 4274 fldem·
490 4222 522 4273 V.
536 4216 597 4274 ccl'
616 4222 643 4274 ln
664 4221 772 4293 fragm.
788 4170 874 4275 ficar.
890 4216 1019 4277 omitia
1039 4218 1069 4271 Ρ.
1083 4214 1205 4270 clodium
1225 4222 1252 4269 et

127 4290 270 4348 menan
281 4289 373 4361 (etp.
389 4289 490 4360 reru.)
500 4306 530 4370 p.
545 4289 572 4344 a.
587 4290 619 4346 v.
635 4290 679 4349 u.
