2768 4838
362 304 419 354 nn
444 305 476 356 o.
501 278 677 394 neusse
703 306 848 357 osuvo
873 304 1032 360 nonne.
1193 286 1276 361 100

154 474 245 543 ques
252 452 428 548 hodieque
442 456 771 527 cumadmiratione
784 456 959 550 legimus.-
973 455 1178 550 quoe'rerba
1191 484 1276 532 esve

74 601 81 609 -
152 557 200 623 ita
213 558 361 650 accipias
378 582 457 629 cum
479 561 605 653 Pigbio
626 561 714 631 Ann.
733 562 777 630 Τ.
791 561 852 630 111.
873 585 910 654 p.
930 562 1018 633 seo.
1041 572 1076 631 et
1094 563 1137 630 Ν.
1159 563 1275 650 Febr'o

63 594 109 753 N
149 659 199 737 ud
211 660 333 730 Senec.
350 661 510 731 Controv.
530 665 574 732 L.
588 663 658 750 111,
685 663 746 734 10.
770 688 807 757 p.
833 662 920 733 256.
945 666 991 735 Τ.
1005 665 1065 734 111.
1085 664 1274 738 Amstelod.

110 760 330 863 ᾎζῖζμο
345 766 373 832 si
393 764 518 834 Calvus
533 788 602 835 non
623 766 732 836 multo
751 768 969 838 antecesserit
990 772 1101 837 aetate
1119 768 1275 858 Pollioni,

152 878 256 958 quem
274 889 306 939 a.
324 866 370 936 U.
385 868 426 938 C.
448 867 534 938 018.
553 868 701 961 primam
714 871 846 939 uidisse
866 858 979 940 lncer‘n
994 878 1145 959 constet,
1171 896 1277 963 quum
1312 904 1315 911 ·

151 970 365 1040 manifestum
386 973 445 1055 sit,
476 973 663 1041 Auctorem
684 974 771 1042 illius
788 974 925 1066 Dialogi
944 976 982 1044 id
1001 996 1070 1044 non
1092 985 1276 1066 spectem

151 1083 206 1161 ut,
232 1083 309 1142 uter
329 1084 410 1142 natu
430 1075 539 1167 major
552 1076 705 1145 minorve
731 1078 837 1146 altero
857 1086 959 1164 esset,
985 1086 1186 1169 exponeret,
1212 1079 1277 1149 sed

151 1187 228 1247 uter
252 1199 370 1246 eorum
392 1187 503 1247 eetete
520 1178 637 1270 junior
660 1180 862 1272 prorostris
891 1180 1102 1269 eloquentiae
1123 1183 1276 1273 posuerit

150 1279 348 1350 tirocinium.
400 1281 443 1350 ld
457 1284 560 1372 qnnsn'
575 1305 693 1352 verum
707 1283 767 1370 sit,
791 1283 892 1351 imile
907 1292 959 1352 est
972 1283 1158 1370 intellectu,
1185 1285 1275 1357 duce
1359 1330 1361 1335 -

150 1384 384 1476 chronologis.
436 1384 478 1453 L.
501 1385 648 1454 licinius
663 1385 806 1455 Crossm
824 1386 913 1455 enim
930 1385 971 1456 C.
988 1385 1163 1477 Papirium
1184 1386 1274 1457 Cer·
1320 1460 1324 1467 ,

149 1487 295 1575 bonem,
326 1486 498 1557 hominem
517 1488 759 1559 nobilissimum
781 1498 818 1558 et
836 1488 1162 1580 eloquentissimum,
1193 1498 1274 1583 post
1326 1508 1329 1515 ·

152 1589 353 1661 Consulatus
377 1613 457 1661 cum
475 1591 516 1660 P.
533 1590 676 1661 Manno
696 1616 750 1661 su
766 1591 862 1664 U.C.
877 1590 966 1665 ets.
987 1591 1212 1681 functionem,
1236 1594 1273 1662 in

142 1692 313 1786 judicium
326 1694 457 1762 vocavit
469 1716 521 1762 un.
541 1695 587 1764 U.
605 1692 766 1782 (1031),,
790 1716 896 1763 annos
916 1705 1014 1764 natm
1033 1716 1139 1763 unum
1161 1703 1196 1762 et
1216 1695 1272 1763 si·

149 1796 256 1890 giuti,
282 1805 320 1864 ut
333 1796 409 1888 ipse
430 1799 477 1865 eit
491 1820 548 1889 ap.
572 1796 682 1867 Cicer.
704 1795 848 1868 dOrnt.
868 1797 945 1865 Lib.
963 1798 1023 1866 lll.
1036 1820 1067 1865 e.
1082 1797 1143 1866 20.
1167 1798 1213 1865 ite
1231 1804 1271 1866 ut

149 1901 279 1969 Auctor
293 1899 381 1968 Dinl
399 1900 433 1969 d.
450 1898 560 1971 Orutt.
593 1901 849 1986 ent'erreverit,
874 1909 950 1987 sut,
976 1899 1069 1991 quod
1081 1899 1164 1968 mihi
1178 1901 1271 1969 veri-
1342 1918 1354 1935 ·

150 2003 286 2072 similius
313 2000 380 2089 est,
413 2002 539 2071 librarii
567 2004 744 2071 oculorum
770 2004 982 2072 sbmredone
1006 2004 1094 2095 lapsi
1113 2004 1270 2072 vitiosum

148 2128 327 2175 numerum
349 2107 470 2198 signis,
495 2129 565 2174 non
586 2106 697 2176 verbis
718 2128 934 2198 expressum,
958 2107 1063 2174 textui
1085 2105 1271 2176 intulerint:

148 2208 241 2277 unde
252 2217 308 2295 ‚tot
326 2209 361 2275 in
376 2208 487 2280 Codd
505 2208 589 2277 Mss.
605 2231 736 2278 errores
750 2217 890 2289 conset,
900 2217 993 2278 ortos
1007 2229 1099 2291 esse;
1128 2207 1174 2276 de
1195 2210 1272 2301 ipse

152 2311 263 2381 Crassi
283 2313 414 2380 notione
433 2311 499 2379 vid.
517 2311 621 2380 Beier
642 2311 688 2378 ed
704 2311 774 2381 mc.
789 2311 822 2381 d.
834 2309 940 2384 Offic.
961 2311 1038 2380 Lib.
1054 2310 1097 2378 ll.
1112 2332 1188 2402 cup.
1209 2310 1269 2381 1³.

150 2415 193 2483 Τ.
209 2413 268 2482 ll.
283 2438 317 2506 p.
335 2413 396 2482 02.
422 2414 531 2484 Simili
550 2414 655 2482 modo
675 2422 792 2483 nutum
812 2415 966 2507 suspicor
983 2412 1170 2482 dissensum
1184 2414 1271 2482 scri·

149 2528 286 2609 ptorum
300 2517 345 2585 de
362 2516 403 2588 C.
421 2517 516 2586 «lulio
535 2517 700 2604 Caesare,
726 2518 784 2608 qui
805 2516 869 2587 Cn.
891 2516 1086 2588 Comelium
1102 2515 1270 2586 neubel-

149 2622 235 2708 lam,
260 2621 470 2689 consularem
487 2629 523 2689 et
537 2621 777 2713 triumphalem
790 2621 915 2706 vuum,
933 2618 1196 2717 repetunderum
1208 2642 1270 2688 ec·

151 2724 276 2793 cussvit
288 2749 319 2792 n.
335 2725 380 2794 U.
396 2723 437 2793 C.
452 2721 594 2793 0111).
614 2724 717 2793 Junio
730 2724 839 2793 Bruto
855 2732 890 2791 et
905 2722 958 2794 M.
968 2722 1113 2793 Aemilio
1131 2721 1269 2816 Lepido

151 2826 264 2914 Coss,
290 2849 359 2918 qno
377 2849 463 2895 anno
478 2827 604 2897 Caesar
623 2835 780 2916 quartum
801 2835 836 2894 et
855 2827 1054 2918 vigesimum
1069 2826 1184 2894 aetatis
1205 2848 1268 2894 en-

150 2953 230 2998 nnm
242 2932 411 3023 ingressus
425 2937 494 2999 estz
519 2930 564 3000 cf.
581 2939 718 3022 praeter
730 2928 843 3022 Pighii
857 2928 976 2998 Annsl.
994 2928 1040 2997 Τ.
1054 2928 1115 2997 111.
1126 2952 1163 3021 p.
1180 2927 1268 3002 280.

151 3035 190 3103 cl.
218 3032 325 3121 280,
356 3032 755 3125 Bnumgarten-Crnsius
778 3033 824 3101 ed
856 3032 995 3101 Sueton.
1010 3032 1082 3101 Jul.
1098 3054 1129 3099 c.
1142 3029 1180 3100 4.
1219 3031 1269 3100 Et

150 3136 189 3206 C.
212 3136 395 3222 Catonem,
427 3135 480 3204 M.
502 3135 639 3205 Catonis
666 3136 818 3223 affinem,
856 3135 977 3205 nullius
998 3133 1124 3204 consilii
1145 3134 1266 3219 odolp-

150 3250 318 3325 scentem,
344 3240 476 3309 Asinius
498 3240 625 3327 Pollio,
651 3238 720 3308 duo
742 3248 777 3307 et
795 3238 913 3330 viginti
933 3260 1038 3306 annos
1058 3246 1174 3323 nutus,
1199 3235 1267 3305 du·
1304 3288 1307 3298 .

149 3344 229 3435 plici
247 3345 377 3411 actione
392 3344 435 3411 de
453 3343 642 3412 Tribunatu
660 3341 841 3436 postulavit
860 3364 891 3408 u.
903 3340 949 3410 U.
964 3339 1005 3410 C.
1021 3338 1109 3409 100.
1128 3340 1177 3408 nti
1199 3337 1267 3407 do-

150 3448 219 3515 cuit
241 3444 476 3516 Tborbecliee
498 3447 535 3514 iu
567 3445 758 3516 Commett.
787 3443 824 3515 d.
852 3443 952 3514 Asin
976 3443 1148 3514 Pollionis
1172 3440 1265 3513 Vita.

149 3548 272 3643 Lugd.
286 3549 331 3618 B.
349 3548 461 3618 1820.
475 3573 511 3641 p.
526 3543 578 3616 56
593 3573 667 3640 sqq.
684 3551 726 3617 cl.
738 3547 921 3619 Heinrich.
935 3546 990 3616 od
1004 3546 1118 3617 Cicer.
1131 3543 1194 3615 ΟΡ.
1203 3565 1266 3638 pr.

151 3651 291 3723 Seuero
311 3677 346 3745 p.
371 3651 456 3720 122.
479 3653 533 3720 ed.
555 3651 667 3721 Beier.
702 3650 742 3722 C.
770 3655 937 3726 Catonem
954 3648 1105 3718 defendit
1119 3640 1264 3736 Calvus,

150 3757 209 3844 qui
222 3780 326 3846 quum
341 3777 429 3824 enno
440 3757 592 3848 proxime
607 3755 769 3847 superiori
782 3755 803 3822 i.
818 3778 848 3823 e.
866 3776 953 3821 enno
964 3752 1007 3822 V.
1022 3751 1062 3822 C.
1077 3748 1165 3821 000.
1191 3750 1266 3819 Vu-

149 3860 265 3928 tinium
283 3861 326 3928 de
340 3860 466 3927 ambitu
480 3882 578 3927 reum
593 3859 746 3945 fecisset,
770 3859 895 3948 liquet,
916 3847 1014 3942 eum,
1038 3877 1143 3945 quem
1156 3878 1208 3927 an.
1217 3852 1265 3923 U.

151 3961 189 4030 C.
205 3962 292 4032 012.
307 3972 422 4030 natum
439 3986 512 4030 esse
527 3961 749 4049 ostendimus,
774 3961 917 4053 septimo
933 3967 968 4026 et
985 3959 1149 4052 vigesimo
1169 3956 1265 4025 eetess

149 4066 190 4133 tis
199 4090 285 4135 enno
298 4066 442 4157 primum
454 4066 488 4134 in
499 4066 576 4134 foro
595 4064 716 4133 dixisse
730 4085 898 4151 caussam,
920 4061 1069 4154 quinque
1084 4063 1187 4155 igitur
1201 4083 1265 4128 nn·

148 4190 210 4259 nos
223 4169 372 4238 Pollioni·
386 4179 495 4237 aetate
513 4167 775 4237 antecedentem.
835 4166 915 4236 Huc
933 4166 1034 4237 etiem
1055 4172 1186 4258 spectet
1209 4162 1264 4255 ¹⁰:

150 4294 208 4341 cus
224 4272 457 4358 ennomus-1.
471 4271 532 4343 01.
552 4271 630 4349 Lib.
647 4270 724 4343 Xll.
746 4266 824 4343 cd.
845 4264 932 4369 §.L
987 4268 1138 4354 Colone,
1167 4263 1264 4337 Coe·
