2768 4838
371 304 430 363 uu
452 306 486 356 o.
514 305 679 357 asuero
703 305 815 357 nuso
838 304 999 361 sosas.
1173 281 1252 359 201

130 479 211 527 vum
231 455 443 549 Augustum,
468 456 626 527 inchoata
646 457 746 527 etiam
769 456 982 549 praefatione
1004 453 1182 547 religiosa,
1211 465 1254 527 ut
1339 500 1344 512 ·

65 555 68 559 “
130 554 286 630 omnibus
310 563 405 631 malis
431 559 570 631 humani
588 560 674 629 illius
688 560 911 652 Ipotissimum
929 559 1097 652 Principis
1116 582 1253 654 semper

129 663 324 734 mederetur
337 664 508 757 majestas.
548 665 628 735 Non
642 662 737 732 addit
750 663 891 750 Plinius,
916 672 1133 761 praematura
1142 674 1254 733 morto

130 769 240 836 aliove
262 790 342 837 casu
363 768 544 860 impeditus
570 767 671 837 luerit
693 765 734 836 G.
755 765 915 859 Valgius,
949 790 1018 857 quo
1041 766 1150 835 minus
1168 762 1254 837 illud

131 893 219 962 opus
249 869 295 938 ad
319 872 516 941 umbilicum
541 871 754 963 perduceret
821 869 910 939 Cum
940 869 1099 939 inchoata
1124 879 1254 941 tantm

131 974 262 1067 dicatur
277 976 462 1064 praefatio,
488 976 559 1043 visa
573 982 686 1043 tamen
703 997 724 1040 a
739 973 848 1041 Plinio
864 982 899 1040 et
915 973 1002 1040 lecta
1016 975 1119 1043 fuisse
1134 972 1255 1042 videa-

129 1086 203 1164 tur,
236 1076 332 1144 haud
352 1078 424 1147 scio
440 1102 492 1146 an
515 1079 631 1164 fallar,
665 1076 795 1147 siillud
817 1098 904 1168 opus
928 1077 1043 1144 mortis
1066 1066 1255 1147 interuentu

130 1179 233 1249 luisse
253 1179 436 1272 abruptum
459 1182 600 1249 dicimus
627 1188 662 1248 et
683 1180 846 1270 scriptum
863 1187 944 1271 post
963 1201 1016 1248 an.
1035 1176 1080 1248 U.
1098 1179 1138 1251 C.
1153 1178 1255 1268 m,

131 1305 200 1373 quo
215 1295 302 1350 anno
316 1283 457 1375 Valgius
471 1283 599 1357 Consul
618 1283 682 1351 fuit
702 1282 872 1353 suffectus.
924 1284 1046 1371 Neque
1066 1282 1147 1349 huic
1168 1305 1254 1352 cou-

123 1385 280 1478 jecturae
295 1386 507 1478 adversatur,
534 1385 629 1479 quod
646 1409 668 1455 a
680 1385 790 1456 Plinio
804 1406 875 1455 nou
889 1382 1081 1455 nominatus
1090 1394 1143 1455 est
1157 1384 1255 1456 Cou-

71 1570 73 1575 ¹
112 1489 259 1565 ,solaris

635 1634 672 1739 δ.
706 1639 743 1711 3.

231 1791 408 1864 Duumviri
427 1795 494 1881 illi,
522 1792 752 1886 Glaudorpius
769 1802 803 1863 et
820 1791 980 1886 Pighius,
1006 1791 1065 1883 qui
1081 1815 1254 1885 memora-

130 1905 203 1967 tum
216 1922 237 1965 a
250 1899 358 1965 Plinio
374 1898 414 1967 C.
429 1898 587 1989 Valgium
607 1898 792 1966 Consulem
806 1897 986 1967 suffectum
1005 1919 1080 1965 esse
1101 1896 1254 1984 creduut,

131 2001 263 2093 longius
285 2000 580 2092 etiamprogressi‘
591 2000 815 2085 contendunt,
850 1999 1010 2068 eumdem
1031 1999 1072 2069 0.
1092 1999 1255 2093 Valgium

132 2127 206 2173 esse
219 2102 351 2173 Horatii
363 2104 561 2173 familiarem
573 2104 714 2194 poeticis
733 2104 943 2173 nobilitatum
956 2102 1080 2173 studiis.
1130 2103 1172 2171 lu
1190 2124 1255 2171 eo-

131 2230 206 2275 rum
222 2208 419 2289 sententiam
441 2207 638 2275 transierunt
652 2206 856 2277 Meibomius
879 2206 913 2274 in
931 2205 1132 2275 Maecenate
1147 2198 1254 2279 clu.

130 2333 165 2402 p.
192 2309 276 2379 111.
305 2320 338 2380 et
368 2311 624 2402 Havercampus
655 2311 690 2377 in
723 2310 889 2377 Thesaur.
924 2306 1125 2377 Morelliau..
1142 2306 1187 2377 Τ.
1208 2306 1254 2377 ΙΙ.

109 2434 165 2505 p.
183 2412 287 2487 633„
326 2413 396 2497 Qui
416 2415 462 2480 ita
484 2421 631 2482 statuunt
643 2413 713 2481 Viri
728 2412 845 2497 Docti,
872 2432 953 2481 suae
978 2410 1163 2481 sententiae
1189 2433 1254 2478 au-

132 2525 240 2584 ctores
255 2516 382 2585 habent
397 2526 528 2585 veteres
547 2510 754 2587 scholiastes
767 2515 813 2584 ad
826 2515 959 2585 Horatii
984 2514 1062 2586 Lib.
1080 2513 1123 2583 11.
1138 2511 1255 2593 Odam

131 2615 166 2687 9.
180 2619 266 2687 haec
280 2619 494 2688 adnotantes:
512 2614 541 2707 ⁴„
547 2619 719 2713 Valgium
737 2619 960 2689 consularem
974 2617 1047 2705 huc
1058 2616 1144 2687 odo
1159 2617 1255 2687 ullo*

131 2723 249 2814 quitur
271 2723 425 2809 qmicum
448 2745 569 2810 mum,
602 2746 705 2815 quem
728 2723 932 2792 consolatur
952 2719 1116 2812 Mysiae,
1144 2720 1255 2814 poert

127 2825 186 2903 vsni
208 2826 375 2910 delicati,
409 2834 559 2894 mortem
580 2828 747 2917 grossior
773 2825 989 2916 forestim.“
1054 2825 1106 2893 lta
1125 2826 1253 2911 Acron,

130 2927 348 3020 Porphyrion
367 2937 401 2996 et
415 2929 531 2996 Schol.
547 2926 662 3017 Cruq.‚
687 2929 835 3018 itemque
854 2928 979 2998 Glossa
998 2926 1084 2998 cod.
1100 2929 1143 2998 A.
1157 2928 1252 2996 van

132 3031 318 3123 derbourg.
343 3030 386 3102 T.
404 3030 428 3097 1.
444 3055 481 3123 p.
496 3030 584 3105 42⁰.
637 3030 836 3124 „Valgium
859 3030 1082 3102 conmlurem
1096 3032 1253 3099 amicam

130 3157 233 3202 suum
252 3135 486 3204 consolatur.“
543 3137 591 3204 At
612 3135 845 3204 Brouhhusius
873 3135 918 3203 ad
939 3135 1066 3203 Tibull
1091 3136 1167 3203 Lib.
1190 3132 1264 3202 Ν.

132 3236 166 3309 l.
183 3261 215 3305 v.
238 3236 323 3306 18⁰.
344 3262 378 3330 p.
402 3237 506 3322 376„
546 3241 604 3328 qui
625 3241 754 3331 primus
776 3239 888 3331 Valgii
907 3247 1032 3331 poetae
1052 3237 1254 3307 memoriam

130 3364 241 3432 paene
266 3342 460 3409 exstinctam
480 3340 581 3410 docte
615 3352 648 3410 et
668 3341 804 3435 copiose
826 3343 1033 3427 instauravit,
1078 3338 1253 3409 Glandor*

130 3444 225 3535 pium
241 3454 275 3512 et
289 3444 449 3536 Pighium
464 3446 585 3513 erroris
600 3444 816 3532 insimulavit,
843 3454 877 3513 et
890 3445 1037 3538 Augusti
1051 3452 1160 3512 aetate
1169 3471 1171 3475 ⁴
1181 3442 1252 3511 duo

131 3547 288 3639 Valgius,
320 3558 458 3638 poetam
486 3549 646 3635 alterum,
687 3551 829 3617 alterum
858 3548 1080 3618 Consularem
1107 3553 1141 3614 et
1173 3566 1253 3615 uun

95 3645 99 3665 ⁸
131 3651 288 3718 orationis
316 3651 458 3723 solutae¹
482 3652 613 3743 scriptis
641 3651 787 3739 clarum,
830 3652 1084 3744 distinguendos
1113 3650 1252 3721 censuit

130 3750 275 3843 Utrique
298 3753 421 3845 Valgio
448 3755 565 3823 tribuit
584 3753 676 3850 Rufi
697 3779 906 3847 cognomen,
948 3753 1010 3822 sed
1031 3753 1253 3846 praenomine

132 3879 187 3927 eos
202 3858 249 3928 ita
262 3856 423 3942 distinxit,
451 3867 488 3924 ut
500 3859 621 3951 Valgio
637 3859 812 3928 consulari
826 3881 1033 3950 praenomen
1052 3853 1143 3950 Caji,
1163 3879 1254 3949 poe-

130 3967 184 4027 tae
199 3970 312 4028 autem
334 3959 403 4028 Titi
416 3961 631 4053 praefigeret.
655 3961 753 4030 Haec
768 3970 838 4028 tam
854 3961 1065 4031 confidenter
1077 3986 1098 4029 a
1112 3958 1253 4029 Brouk-

129 4058 225 4130 husio
246 4064 459 4155 pronuntiata
480 4065 616 4132 miratus
640 4065 740 4159 coepi
761 4062 925 4155 quaerere
955 4089 1023 4156 quo
1049 4062 1251 4154 antiquitatis

130 4176 267 4234 auctore
288 4167 514 4235 inniterentur.
568 4166 640 4236 Sed
653 4167 736 4262 mihi
755 4169 908 4259 quamvis
927 4168 1105 4263 diligenter
1125 4187 1252 4261 perve-

129 4269 265 4362 stiganti
293 4271 493 4362 antiquitatis
516 4279 732 4361 monumenta
761 4296 808 4347 ue
828 4296 914 4345 uuus
938 4273 1077 4366 quidem
1105 4269 1252 4340 occurrit
