2768 4838
286 294 336 367 on
359 296 394 365 9.
417 295 568 347 noman
590 296 720 348 macor
744 295 1090 369 summasunmna.
1190 252 1283 350 999

151 448 332 530 simultate,
359 445 405 514 ob
424 444 647 515 Caesarem
617 468 649 518 eu
662 446 763 517 facile
776 410 984 539 periculosa,
1002 455 1151 520 caveret·
1173 451 1267 540 quod

151 551 288 641 quidem
309 551 396 655 vitae
409 550 597 669 pericnlum
614 549 735 620 Cicero
753 551 909 643 exprimit
924 573 976 625 vv.
993 552 1116 623 ridere
1127 555 1265 646 γέλωτα

151 642 385 748 σαρδόνιον,
403 653 429 720 si
452 653 589 742 quidem
612 653 720 723 herba
747 653 929 738 Sardonia,
962 655 1108 747 apiastro
1140 656 1265 746 similis,

151 779 287 824 comesa
314 756 435 841 efficit,
470 765 507 824 ut
533 738 671 825 diducto
699 779 759 827 ore
777 756 953 843 homines,
985 759 1079 848 quasi
1105 758 1265 847 ridentes,

149 867 299 952 pereant.
327 859 416 927 Hinc
424 858 645 950 proverbium
660 861 767 951 γέλως
783 852 983 955 σαρδόνιος,
1010 860 1054 930 de
1072 884 1266 955 quo,prae-

149 973 203 1041 ter
223 961 363 1033 Snidam
375 962 452 1034 Vol.
469 960 528 1030 lll
542 987 578 1056 p.
589 961 687 1051 287,
703 973 927 1055 exposuerunt
938 962 1263 1059 ErasmnsinAdag.

88 1122 90 1126 .
150 1066 210 1135 111.
224 1061 259 1133 5.
278 1063 434 1157 patrat,
449 1064 544 1138 Coel.
560 1066 773 1159 Rhodiginus
789 1066 904 1158 Antiq.
926 1066 1022 1155 Lect.
1042 1066 1119 1135 ΧΗ.
1146 1065 1204 1136 16.
1231 1082 1267 1138 et

143 1169 264 1255 ¹,Astins
278 1168 322 1235 ad
335 1168 483 1236 Platonis
501 1169 599 1261 Polit
614 1170 708 1239 Libr.
724 1170 751 1239 L
767 1192 796 1237 o.
813 1168 872 1242 11.
891 1192 926 1261 p.
941 1166 1028 1236 354.
1055 1167 1176 1238 Cicero
1197 1171 1267 1264 igi-

149 1280 204 1339 tur
220 1280 355 1363 gratnm
368 1271 430 1339 sibi
451 1295 524 1341 esse
539 1273 704 1366 siguificat
721 1271 831 1340 Fabio
856 1271 957 1341 Gallo
979 1269 1127 1341 studium
1148 1283 1183 1341 et
1203 1296 1266 1342 cu-

149 1398 241 1460 ram,
268 1398 370 1464 qnam
390 1375 521 1444 monitis
536 1377 599 1444 illis
623 1368 778 1445 test'atam
799 1376 936 1461 fecerat
988 1374 1174 1465 Quomodo
1202 1399 1265 1444 au·

149 1487 217 1546 tcm
234 1478 452 1570 intelligenda
463 1478 528 1559 sint
541 1503 599 1563 ea,
625 1502 712 1570 qnae
728 1478 850 1549 Cicero
866 1478 911 1547 ad
929 1477 1081 1547 Atticum
1096 1477 1189 1546 Xlll.
1210 1502 1265 1571 ep.

148 1578 211 1650 ol.
227 1582 355 1649 scribit:
383 1581 605 1675 „Tigellium
617 1589 729 1669 totum
742 1581 847 1669 mibi,
866 1588 901 1653 et
914 1580 1057 1674 quidem
1067 1603 1176 1673 quom
1184 1582 1284 1673 pri-¹

148 1706 263 1752 mom:
287 1708 374 1753 nom
381 1686 524 1777 pendeo
539 1686 683 1772 onimi,“
701 1687 787 1754 inter
801 1685 1006 1776 interpretes
1021 1706 1090 1754 non
1102 1685 1266 1754 convenit.

147 1787 215 1856 Alii
240 1789 413 1880 supplent:
439 1788 601 1872 restitue,
626 1788 839 1875 reconciliu3
867 1788 923 1855 alii
941 1796 1114 1873 verentes,
1139 1809 1182 1856 ne
1203 1787 1267 1857 ista

148 1889 277 1958 ratione
317 1889 439 1959 Cicero
472 1890 653 1958 timiditatis
679 1900 781 1981 atquo
823 1889 1062 1958 inconstantiae
1093 1899 1266 1982 arguatur,

149 1993 308 2061 omissum
323 2000 457 2084 putant:
484 2013 617 2079 namu,
644 1991 782 2079 exhibe,
798 1992 854 2061 rel
869 1993 974 2060 simile
995 1990 1087 2082 quid.
1140 1994 1267 2079 Verum

149 2097 239 2163 enim
261 2117 341 2162 vero
356 2116 433 2161 cum
446 2117 557 2183 nequa
576 2094 734 2165 timiditas
756 2119 867 2186 nequo
886 2094 1105 2164 inconstantia
1126 2118 1148 2163 a
1164 2095 1268 2170 Cice.-

147 2221 249 2283 rone,
274 2188 704 2290 praestantissimo,caetera
718 2200 791 2267 viro
800 2249 811 2289 ,
837 2199 945 2267 aliena
958 2199 1016 2286 sit,
1032 2199 1131 2287 eique
1143 2220 1266 2285 remur

150 2302 351 2369 ciliationem
367 2323 444 2368 oum
457 2300 617 2393 Tigellio,
634 2302 784 2392 quamvis
799 2325 876 2371 enm
892 2301 1099 2393 contemptui
1111 2300 1266 2389 haberet,

147 2404 486 2497 rerumpublicarum
500 2413 620 2492 status,
647 2404 800 2485 Caesaris
813 2404 964 2498 potentia
984 2412 1019 2472 et
1039 2403 1137 2485 istius,
1150 2403 1267 2473 homi·
1298 2468 1302 2491 ,

148 2509 199 2576 nis
220 2508 314 2601 apud
338 2507 496 2576 eumdem
521 2508 698 2578 auctoritas
726 2507 866 2609 sumisse
891 2506 1084 2594 viduum,
1115 2505 1268 2598 priorem
1345 2560 1347 2565 .

147 2610 391 2702 interpretandi
406 2610 570 2693 rationem
583 2612 682 2682 unice
695 2633 809 2680 veram
832 2632 905 2680 csse
926 2611 1079 2679 arbitror.
1131 2608 1268 2680 lucido·

147 2724 225 2782 runt
242 2725 356 2781 autem
371 2713 454 2783 istae
473 2714 646 2785 Ciceronis
671 2739 750 2785 oum
771 2715 919 2807 'Iigcllio
941 2711 1159 2783 inimicitiae
1149 2736 1184 2782 m
1203 2737 1267 2784 an·

115 2884 118 2888 .
148 2840 229 2885 num
243 2816 289 2885 U
309 2815 349 2885 C.
365 2813 464 2900 ⁸1⁰9,
489 2840 554 2886 neo
573 2827 721 2905 constat,
746 2840 790 2884 an
805 2838 966 2907 nmquam
983 2838 1152 2885 commum
1140 2815 1268 2896 Attici

149 2929 184 2988 et
202 2919 299 2987 Fabii
317 2918 409 2987 Galli
423 2864 534 2988 stiadio
548 2930 583 2988 et
597 2943 702 3013 opera
717 2919 841 2989 fuerint
854 2920 1015 2989 sublatae.
1054 2917 1155 2989 Ante
1160 2920 1267 3007 illum,

148 3046 251 3113 quem
281 3021 440 3111 diximus,
479 3044 601 3103 annum
628 3022 836 3093 c.1.tcintus
865 3020 1037 3093 Calvus
1018 3042 1094 3112 Jam
1115 3019 1269 3091 ediderat

147 3126 425 3217 Hipponacteum
449 3147 545 3195 sunm
563 3127 798 3220 praeconium,
831 3125 866 3199 in
889 3148 959 3217 quo
980 3124 1091 3194 stilum
1108 3123 1267 3195 adversus
1302 3174 1305 3181 ·

78 3268 88 3279 ·
148 3229 248 3303 istum
261 3229 433 3298 hominem
454 3240 669 3324 arrogantem
685 3238 718 3299 et
738 3229 945 3323 petulantem
968 3234 1106 3295 acuerat
1126 3226 1268 3320 ejusque

148 3333 275 3400 natales
292 3343 326 3399 et
345 3334 536 3403 libertinam
550 3333 778 3403 conditionem
792 3333 914 3425 procul
929 3329 1040 3400 dubio
1060 3330 1268 3422 perstrinxe-

148 3444 210 3505 rat.
264 3433 388 3503 Calvus
402 3436 471 3504 hoc
485 3437 606 3507 fecisse
623 3434 857 3507 existimandus
879 3442 1003 3504 estant
1021 3433 1127 3501 nobili
1148 3433 1268 3501 ductus
1380 3509 1383 3513 ,

149 3536 250 3607 animi
264 3560 381 3623 sensu,
407 3562 476 3627 quo
498 3563 576 3609 enm
596 3540 633 3609 in
655 3562 771 3609 omnes
789 3536 1009 3611 Caesmitnos
1027 3536 1268 3606 inflammatum
1346 3609 1352 3620 ,

149 3641 252 3708 fuisse
266 3640 368 3708 docui
380 3640 414 3707 in
429 3641 618 3725 Comment.
634 3643 670 3713 d.
691 3643 731 3713 0.
743 3638 879 3727 Licinio
891 3640 1002 3711 Calvo
1015 3639 1130 3709 Poeta
1144 3635 1179 3734 §.
1196 3636 1268 3728 1¹⁰,

150 3753 216 3831 aut,
232 3743 326 3834 quod
343 3743 425 3812 mihi
439 3744 653 3837 probabilius
662 3745 812 3833 videtur,
836 3746 918 3815 item
938 3742 1118 3814 lacessitus.
1143 3742 1269 3813 Nostra

148 3848 310 3917 memoria
323 3845 375 3915 M.
391 3847 558 3940 Tigellius
573 3850 809 3942 Hermogenes
824 3856 941 3927 nactus
957 3854 1007 3915 est
1019 3852 1199 3938 patronum
1212 3846 1269 3919 do.

147 3947 436 4020 Nic..Forkelinm
449 3951 501 4021 in:
526 3952 686 4045 Aligem.
708 3951 921 4031 Geschiobte
936 3951 1002 4020 der
1014 3945 1135 4019 Merit
1147 3942 1224 4023 Vol.
1239 3948 1268 4019 l.

120 4108 127 4123 ,
147 4076 183 4145 p
202 4049 298 4139 5⁰2,
303 4080 306 4085 ·
324 4054 383 4144 qni
405 4077 482 4123 eum
504 4079 525 4123 a
547 4054 718 4125 Ciceronis
740 4064 774 4125 et
794 4054 926 4123 Horatii
948 4052 1117 4122 calumniis
1138 4052 1269 4122 meliori

148 4156 260 4225 animo
275 4180 377 4245 quam
385 4157 518 4251 jnrlicio
532 4156 717 4229 defendere
735 4167 872 4229 conatus
889 4164 942 4227 est
958 4155 1035 4247 ²⁵).

215 4288 265 4358 25)
287 4290 356 4355 luitu
357 4306 402 4345 ror
419 4288 537 4377 aliquam
559 4290 684 4365 gratiam
701 4306 721 4347 a
738 4264 880 4365 Ιώιοιὶῑιῲ
895 4288 970 4375 labat
983 4286 1104 4343 Tarbelli
1122 4286 1206 4343 rerba
1220 4285 1270 4359 sd-

963 4360 1071 4485 119
