2768 4838
125 228 205 309 450
329 254 380 309 oa
402 257 550 309 aarum
574 259 765 311 rmsausm
789 258 1043 349 manusrorm
1079 242 1084 253 '

127 406 293 493 facetum,
324 427 370 474 ne
387 406 470 477 licto
496 405 634 496 quidem
657 408 872 501 produxisset
888 407 1054 480 nomine?
1095 404 1158 478 Sic
1186 409 1261 477 reri

129 519 204 581 erat
221 508 443 596 simillimum,
467 506 554 577 baec
575 509 689 577 omnia
713 509 859 577 conficta
882 532 977 598 esse,
1001 518 1040 595 ut
1062 508 1261 598 doceretur,

130 613 248 682 stultos
268 609 438 696 homines,
470 610 553 679 dum
571 612 651 680 vitia
669 610 808 697 vitans,
825 610 860 679 in
884 612 1052 679 contrmis
1070 612 1260 703 mensuare,

131 722 167 782 et
181 710 349 779 neminem
363 732 456 793 esse,
481 711 541 798 qui
553 710 702 779 medium
716 720 831 782 tenere
846 714 939 781 sciat.
990 712 1075 799 Quis
1090 734 1178 783 vero
1195 722 1260 801 est,

133 814 191 904 qui
212 814 268 882 hic
284 812 413 906 justam
434 812 567 881 Horatii
583 813 799 905 prudentiam
822 823 875 900 et,
900 836 1006 903 quam
1018 813 1120 883 tristis
1142 821 1181 881 et
1197 836 1260 907 su-

96 994 100 999 ,
133 908 369 1008 spiciosissima
383 925 575 1009 temporum
588 914 724 985 illorum
737 917 823 985 ratio
834 916 1018 1006 suadebat,
1043 916 1260 1011 drcumspe·

133 1020 280 1089 ctionem
293 1017 559 1108 modestiamque
579 1018 772 1089 desideret?
1234 1076 1241 1083 .

234 1122 315 1192 Non
328 1130 379 1191 est
400 1122 531 1191 silentio
544 1118 602 1190 hic
620 1120 922 1215 praetereundum,
947 1140 1039 1210 esse,
1064 1120 1126 1211 qui
1141 1118 1261 1191 bosni·

134 1221 184 1295 nis
199 1225 245 1293 ad
256 1226 382 1317 inguen
401 1224 573 1317 subductis
588 1224 705 1293 tunicis
726 1225 827 1295 faceti
842 1224 977 1293 nomine
998 1222 1215 1317 Agrippum
1236 1249 1262 1297 a

134 1327 241 1399 Poeta
253 1308 349 1419 carpi
361 1328 589 1419 suspicentur:
612 1350 635 1396 a
649 1351 718 1417 qua
736 1327 927 1420 suspicione
941 1327 1055 1419 ipsum
1067 1326 1260 1419 Buttman-

133 1452 217 1501 uum
227 1453 295 1499 non
307 1431 453 1499 alienum
464 1429 584 1518 fuisse,
609 1430 827 1499 vehementer
838 1430 951 1498 miror.
1001 1429 1082 1498 Fuit
1101 1430 1261 1519 quidem,

133 1542 172 1603 ut
184 1533 407 1619 Quintilianus
421 1532 499 1604 lust.
515 1531 577 1604 Or.
594 1533 689 1602 Libr.
704 1533 765 1604 XL
780 1532 815 1600 3.
839 1526 875 1627 §.
895 1529 982 1604 138.
994 1532 1057 1619 ait,
1083 1534 1261 1618 centurio-

133 1658 233 1723 uum,
250 1636 397 1713 tunicam
411 1658 515 1727 supra
526 1636 674 1729 poplites
690 1644 841 1727 gestare3
859 1636 981 1703 scimus
996 1635 1107 1722 etism,
1123 1636 1261 1731 Agrip-

134 1760 235 1831 pam,
269 1724 415 1806 obscuro
440 1739 599 1830 tenuique
626 1746 744 1807 natum
766 1738 863 1823 loeo,
896 1760 1127 1828 peromnem
1153 1740 1261 1809 vitam

134 1841 307 1911 rusticitati
320 1842 518 1934 propiorem
530 1841 710 1927 mansisse,
736 1863 838 1931 quam
853 1838 980 1909 deliciis
996 1839 1118 1911 Urbis:
1145 1851 1181 1911 at
1203 1842 1260 1911 cui

134 1944 336 2039 tandemest
349 1944 526 2030 credibile,
551 1945 660 2014 virum
673 1944 789 2013 militia
801 1951 872 2013 tam
884 1943 1029 2031 bonum,
1046 1951 1081 2013 et
1097 1945 1260 2034 antiquae

135 2046 261 2115 virtutis
282 2054 352 2117 tam
372 2045 589 2133 studiosum,'
615 2046 708 2117 adeo
733 2068 869 2115 omnem
896 2045 1044 2138 ejurasse
1074 2047 1260 2138 pudorem,

136 2150 255 2238 suique
269 2171 345 2217 esse
364 2149 522 2234 oblitum,
548 2158 586 2220 ιιι
600 2173 644 2220 ne
659 2150 834 2219 obscoenis
854 2148 994 2237 quidem
1016 2151 1171 2239 partibus
1195 2174 1261 2221 ve-
1342 2238 1345 2243 Ι

135 2251 209 2321 latis
224 2252 260 2319 in
274 2252 414 2344 publico
428 2251 627 2321 incederet?
665 2251 836 2341 Equidem
860 2252 895 2319 in
921 2274 962 2320 ea
984 2274 1059 2319 sum
1080 2255 1262 2341 sententia,

134 2364 173 2441 ut
193 2362 307 2427 anae
330 2354 566 2423 obscoenitatis
589 2354 764 2423 bominem
783 2355 916 2425 Romae
931 2355 1060 2423 nullum
1080 2358 1261 2445 exstitisse,

10 2499 13 2504 ·
136 2457 197 2526 sed
212 2458 315 2530 talem
334 2446 475 2526 al'oeta
494 2457 615 2526 callide
629 2459 811 2527 confictum
833 2480 905 2525 esse
922 2457 1078 2544 credam,
1103 2481 1177 2548 quo
1203 2469 1261 2529 tu·

135 2561 199 2628 tius
222 2546 433 2655 Maecenati,
464 2558 683 2627 hauddubie
705 2582 772 2628 non
802 2560 873 2627 sine
892 2561 1073 2641 multorom
1093 2561 1261 2653 indigna·

83 2714 86 2719 -
135 2663 225 2733 tione
243 2656 393 2759 demissis
407 2661 590 2735 ambulanti
604 2661 740 2753 tunicis,
758 2662 900 2733 illudere
913 2673 1031 2756 posset
1049 2662 1132 2756 43).
1165 2664 1262 2737 Mibi

197 2939 249 3069 Ι43)
272 2998 396 3056 Nondum
410 3012 459 3062 ao,
482 3012 536 3066 quc
556 2997 686 3053 Horatius
700 2979 883 3053 Mamaeum
899 2996 1028 3052 Mutabiai
1042 2998 1151 3055 nominc
1165 3000 1263 3067 irrisit,

133 3075 250 3139 tempore
266 3069 391 3139 pristinae
407 3073 433 3121 et
448 3066 577 3121 libertatis
593 3072 620 3123 et
635 3067 810 3135 simplicitatis
826 3085 901 3121 amor
924 3069 964 3129 ita
979 3068 1007 3121 in
1024 3068 1144 3123 omnium
1160 3072 1263 3127 animis

132 3139 274 3194 ordinatus
289 3143 359 3200 crat,
376 3141 406 3190 ut
421 3153 498 3190 nemo
514 3142 618 3204 praeter
634 3137 777 3190 llorutlum
795 3138 899 3191 Romae
914 3138 1020 3201 fuisset,
1038 3138 1083 3206 qui
1102 3139 1262 3194 discinctum

32 3202 38 3223 '
131 3208 255 3265 habitum
272 3206 447 3272 hierocontis,
464 3203 560 3259 virita
576 3205 684 3260 civitate
698 3207 890 3273 potentissimi,
906 3206 1060 3276 perindigne
1077 3209 1169 3262 torret.
1210 3210 1262 3263 Se-

132 3294 313 3410 censs?
329 3275 935 3413 concessissemus?
946 3278 1263 3414 contunsa

131 3418 217 3484 sali,
236 3417 290 3469 Sed
305 3414 352 3468 illc
367 3412 540 3481 pbilosopbus
561 3414 595 3466 dc
609 3412 760 3467 Providmt
784 3432 810 3467 c.
826 3414 853 3468 ὃ.
871 3416 958 3481 §.lo
981 3416 1176 3484 sapientissime
1193 3418 1262 3471 serl-

130 3486 196 3555 psits
228 3486 288 3540 Noa
304 3486 384 3553 usqae
409 3500 438 3536 eo
462 3483 491 3535 iss
504 3483 691 3550 possessionem
714 3485 820 3554 gesseris
844 3485 952 3538 bomani
976 3487 1042 3539 vitiu
1059 3494 1205 3551 ornarant,
1228 3494 1261 3542 ss

132 3556 239 3609 dubium
256 3556 307 3618 sit,
332 3570 385 3617 aa,
408 3553 532 3606 electione
543 3552 602 3618 foti
618 3552 702 3616 dato,
724 3552 812 3620 plures
829 3552 929 3623 Regali
941 3556 1031 3620 nasei,
1056 3572 1136 3623 poam
1154 3556 1261 3609 Maece·

131 3633 207 3678 uates
223 3627 314 3678 uelint.
351 3623 406 3675 Act
420 3622 444 3674 ss'
460 3621 628 3689 quiescerit,
644 3622 690 3690 qui
707 3623 806 3676 audeat
818 3624 918 3686 dicos,
938 3624 1117 3701 Maecenatem
1134 3642 1164 3677 sa
1178 3642 1262 3694 passa

132 3693 265 3765 Regulam
280 3691 356 3746 nasci
374 3691 514 3744 maluisses
530 3689 601 3745 ideas
616 3690 681 3755 istc,
697 3698 785 3744 taceat
802 3692 879 3756 licet,
895 3694 968 3745 nasei
985 3710 1012 3745 se
1031 3694 1183 3747 Terentiam
1200 3712 1263 3747 ssu-

131 3762 171 3817 lit.
206 3764 387 3816 Maecenatem
404 3758 525 3812 disertius
540 3776 621 3826 qnam
637 3759 726 3812 verius
741 3768 892 3814 excusatum
907 3760 957 3814 ivit
973 3762 1130 3816 wielandum
1146 3764 1182 3817 ad
1200 3764 1263 3817 llo-

131 3830 196 3884 ratii
212 3832 292 3885 Satis.
316 3831 350 3882 Τ.
368 3831 389 3882 Ι.
414 3848 440 3897 p.
458 3828 503 3881 59.
523 3835 550 3883 et
565 3828 677 3896 Epistol.
694 3828 729 3882 Τ.
746 3829 769 3881 1.
786 3847 814 3897 p.
832 3828 867 3882 15
883 3847 921 3898 sq.
952 3831 1117 3888 Scholastica
1132 3832 1263 3888 ammira

131 3916 195 3959 unm
211 3899 327 3955 defendit
343 3899 441 3951 Auctor
458 3897 567 3966 Elegiae
584 3897 611 3951 iu
628 3897 701 3953 obit.
719 3899 881 3952 Maecenatis
897 3916 924 3953 r.
940 3899 983 3954 49.

297 3968 355 4023 Pas
375 3973 447 4021 crota
464 3967 529 4019 baec
546 3968 605 4020 illos
621 3968 747 4020 laxarunt
763 3969 818 4021 otio
836 3970 930 4024 cultas.

132 4108 161 4163 a
218 4058 266 4163 93·
340 4037 435 4091 Ossas'u
449 4036 560 4092 uictores
575 4037 665 4092 Massa
680 4036 786 4092 sedeate
803 4037 904 4095 sassa

175 4123 202 4163 V·
302 4123 328 4173 l·
837 4168 842 4175 .

135 4218 137 4222 -
271 4123 342 4232 οιΙδίι
359 4180 413 4229 ests
428 4174 511 4229 dator
528 4181 617 4241 assa,
632 4174 715 4230 rictas·
729 4174 847 4244 potiatur
865 4175 894 4230 iss
906 4177 1005 4231 'umbra

345 4242 433 4303 Viator
448 4244 562 4302 asama
576 4244 692 4303 domist
706 4245 785 4316 inpos
800 4262 870 4301 soso.
