<?xml version="1.0" encoding="UTF-8"?>
<!DOCTYPE html PUBLIC "-//W3C//DTD XHTML 1.0 Transitional//EN"
    "http://www.w3.org/TR/xhtml1/DTD/xhtml1-transitional.dtd">
<html xmlns="http://www.w3.org/1999/xhtml" xml:lang="en" lang="en">
 <head>
  <title>
</title>
<meta http-equiv="Content-Type" content="text/html;charset=utf-8" />
  <meta name='ocr-system' content='tesseract 3.04.00' />
  <meta name='ocr-capabilities' content='ocr_page ocr_carea ocr_par ocr_line ocrx_word'/>
</head>
<body>
  <div class='ocr_page' id='page_1' title='image "./poetarumlatinor01weicgoog_0280.png"; bbox 0 0 2768 4838; ppageno 0'>
   <div class='ocr_carea' id='block_1_1' title="bbox 371 245 1243 317">
    <p class='ocr_par' dir='ltr' id='par_1_1' title="bbox 371 245 1243 317">
     <span class='ocr_line' id='line_1_1' title="bbox 371 245 1243 317; baseline 0.01 -8"><span class='ocrx_word' id='word_1_1' title='bbox 371 258 427 309; x_wconf 73' lang='grc' dir='ltr'><strong>ιιι</strong></span> <span class='ocrx_word' id='word_1_2' title='bbox 452 259 640 311; x_wconf 81' lang='lat' dir='ltr'><strong>ocurrro</strong></span> <span class='ocrx_word' id='word_1_3' title='bbox 666 262 810 311; x_wconf 82' lang='lat' dir='ltr'><strong>nauso</strong></span> <span class='ocrx_word' id='word_1_4' title='bbox 836 262 990 315; x_wconf 73' lang='lat' dir='ltr'><strong>nonna.</strong></span> <span class='ocrx_word' id='word_1_5' title='bbox 1167 245 1243 317; x_wconf 78' lang='lat'><strong>263</strong></span> 
     </span>
    </p>
   </div>
   <div class='ocr_carea' id='block_1_2' title="bbox 83 385 1316 2852">
    <p class='ocr_par' dir='ltr' id='par_1_2' title="bbox 124 385 1247 1128">
     <span class='ocr_line' id='line_1_2' title="bbox 126 385 1242 505; baseline 0.01 -28"><span class='ocrx_word' id='word_1_6' title='bbox 126 407 240 477; x_wconf 80' lang='lat' dir='ltr'><strong>laenis</strong></span> <span class='ocrx_word' id='word_1_7' title='bbox 265 412 376 477; x_wconf 78' lang='lat' dir='ltr'><strong>erat.⁴‘</strong></span> <span class='ocrx_word' id='word_1_8' title='bbox 428 408 598 500; x_wconf 84' lang='lat' dir='ltr'><strong>Gyraldus</strong></span> <span class='ocrx_word' id='word_1_9' title='bbox 612 411 714 505; x_wconf 85' lang='lat' dir='ltr'><strong>igitur</strong></span> <span class='ocrx_word' id='word_1_10' title='bbox 727 413 760 480; x_wconf 96' lang='lat' dir='ltr'><strong>in</strong></span> <span class='ocrx_word' id='word_1_11' title='bbox 775 437 815 482; x_wconf 89' lang='lat' dir='ltr'><strong>ea</strong></span> <span class='ocrx_word' id='word_1_12' title='bbox 832 413 963 482; x_wconf 86' lang='lat' dir='ltr'><strong>ridetur</strong></span> <span class='ocrx_word' id='word_1_13' title='bbox 983 415 1086 485; x_wconf 87' lang='lat' dir='ltr'><strong>fuisse</strong></span> <span class='ocrx_word' id='word_1_14' title='bbox 1106 385 1242 488; x_wconf 71' lang='lat' dir='ltr'><strong>senlen-</strong></span> 
     </span>
     <span class='ocr_line' id='line_1_3' title="bbox 125 511 1247 607; baseline 0.01 -27"><span class='ocrx_word' id='word_1_15' title='bbox 125 512 189 598; x_wconf 87' lang='lat' dir='ltr'><strong>tia,</strong></span> <span class='ocrx_word' id='word_1_16' title='bbox 213 517 267 598; x_wconf 89' lang='lat' dir='ltr'><strong>ut,</strong></span> <span class='ocrx_word' id='word_1_17' title='bbox 293 536 371 579; x_wconf 90' lang='lat' dir='ltr'><strong>cum</strong></span> <span class='ocrx_word' id='word_1_18' title='bbox 386 511 551 591; x_wconf 83' lang='lat' dir='ltr'><strong>Melueoe</strong></span> <span class='ocrx_word' id='word_1_19' title='bbox 576 535 699 584; x_wconf 90' lang='lat' dir='ltr'><strong>nomen</strong></span> <span class='ocrx_word' id='word_1_20' title='bbox 710 517 846 607; x_wconf 90' lang='lat' dir='ltr'><strong>puellae</strong></span> <span class='ocrx_word' id='word_1_21' title='bbox 864 518 980 602; x_wconf 86' lang='lat' dir='ltr'><strong>suerit,</strong></span> <span class='ocrx_word' id='word_1_22' title='bbox 1007 543 1143 597; x_wconf 87' lang='lat' dir='ltr'><strong>carmen</strong></span> <span class='ocrx_word' id='word_1_23' title='bbox 1156 521 1247 595; x_wconf 79' lang='lat' dir='ltr'><strong>Me-¹</strong></span> 
     </span>
     <span class='ocr_line' id='line_1_4' title="bbox 126 612 1240 713; baseline 0.008 -29"><span class='ocrx_word' id='word_1_24' title='bbox 126 614 239 684; x_wconf 79' lang='lat' dir='ltr'><strong>laenis</strong></span> <span class='ocrx_word' id='word_1_25' title='bbox 269 612 397 684; x_wconf 88' lang='lat' dir='ltr'><strong>dictum</strong></span> <span class='ocrx_word' id='word_1_26' title='bbox 435 617 644 689; x_wconf 75' lang='lat' dir='ltr'><strong>existimaret.</strong></span> <span class='ocrx_word' id='word_1_27' title='bbox 715 619 804 686; x_wconf 89' lang='lat' dir='ltr'>Huic</span> <span class='ocrx_word' id='word_1_28' title='bbox 842 622 1024 690; x_wconf 87' lang='lat' dir='ltr'><strong>sententiae</strong></span> <span class='ocrx_word' id='word_1_29' title='bbox 1063 625 1240 713; x_wconf 82' lang='lat' dir='ltr'><strong>quominus</strong></span> 
     </span>
     <span class='ocr_line' id='line_1_5' title="bbox 126 715 1240 817; baseline 0.012 -31"><span class='ocrx_word' id='word_1_30' title='bbox 126 717 304 806; x_wconf 81' lang='lat' dir='ltr'>accedam,</span> <span class='ocrx_word' id='word_1_31' title='bbox 336 721 446 797; x_wconf 84' lang='lat' dir='ltr'><strong>obstat</strong></span> <span class='ocrx_word' id='word_1_32' title='bbox 461 715 608 788; x_wconf 86' lang='lat' dir='ltr'><strong>Comehi</strong></span> <span class='ocrx_word' id='word_1_33' title='bbox 625 718 714 797; x_wconf 91' lang='lat' dir='ltr'><strong>Galli</strong></span> <span class='ocrx_word' id='word_1_34' title='bbox 728 722 876 817; x_wconf 73' lang='lat' dir='ltr'><strong>hyemis</strong></span> <span class='ocrx_word' id='word_1_35' title='bbox 895 747 950 814; x_wconf 92' lang='lat' dir='ltr'><strong>ap.</strong></span> <span class='ocrx_word' id='word_1_36' title='bbox 967 722 1067 793; x_wconf 84' lang='lat' dir='ltr'><strong>ovid.</strong></span> <span class='ocrx_word' id='word_1_37' title='bbox 1080 729 1196 795; x_wconf 85' lang='lat' dir='ltr'><strong>Amor.</strong></span> <span class='ocrx_word' id='word_1_38' title='bbox 1213 726 1240 800; x_wconf 91' lang='lat' dir='ltr'><strong>I.</strong></span> 
     </span>
     <span class='ocr_line' id='line_1_6' title="bbox 126 818 1241 900; baseline 0.008 -10"><span class='ocrx_word' id='word_1_39' title='bbox 126 822 168 890; x_wconf 92' lang='lat' dir='ltr'><strong>el.</strong></span> <span class='ocrx_word' id='word_1_40' title='bbox 190 818 247 894; x_wconf 83' lang='lat'><strong>15.</strong></span> <span class='ocrx_word' id='word_1_41' title='bbox 270 844 301 890; x_wconf 84' lang='lat' dir='ltr'><strong>v.</strong></span> <span class='ocrx_word' id='word_1_42' title='bbox 326 821 386 890; x_wconf 81' lang='lat'><strong>30.</strong></span> <span class='ocrx_word' id='word_1_43' title='bbox 452 823 656 891; x_wconf 85' lang='lat' dir='ltr'><strong>Gravissima</strong></span> <span class='ocrx_word' id='word_1_44' title='bbox 679 823 744 892; x_wconf 89' lang='lat' dir='ltr'><strong>hac</strong></span> <span class='ocrx_word' id='word_1_45' title='bbox 763 825 798 892; x_wconf 90' lang='lat' dir='ltr'><strong>in</strong></span> <span class='ocrx_word' id='word_1_46' title='bbox 820 847 859 892; x_wconf 90' lang='lat' dir='ltr'><strong>re</strong></span> <span class='ocrx_word' id='word_1_47' title='bbox 880 825 1043 895; x_wconf 84' lang='lat' dir='ltr'><strong>Martialis</strong></span> <span class='ocrx_word' id='word_1_48' title='bbox 1062 831 1241 900; x_wconf 79' lang='lat' dir='ltr'><strong>auctoritas</strong></span> 
     </span>
     <span class='ocr_line' id='line_1_7' title="bbox 124 923 1245 1047; baseline 0.007 -53"><span class='ocrx_word' id='word_1_49' title='bbox 124 925 223 1013; x_wconf 81' lang='lat' dir='ltr'><strong>facit,</strong></span> <span class='ocrx_word' id='word_1_50' title='bbox 230 933 286 994; x_wconf 76' lang='grc' dir='ltr'><strong>Ιιιι</strong></span> <span class='ocrx_word' id='word_1_51' title='bbox 296 923 402 995; x_wconf 89' lang='lat' dir='ltr'><strong>Marsi</strong></span> <span class='ocrx_word' id='word_1_52' title='bbox 416 928 564 1047; x_wconf 81' lang='lat' dir='ltr'><strong>puellam</strong></span> <span class='ocrx_word' id='word_1_53' title='bbox 579 926 790 995; x_wconf 78' lang='lat' dir='ltr'><strong>Melaenida</strong></span> <span class='ocrx_word' id='word_1_54' title='bbox 802 928 1004 996; x_wconf 89' lang='lat' dir='ltr'><strong>nominatam</strong></span> <span class='ocrx_word' id='word_1_55' title='bbox 1017 940 1151 1020; x_wconf 89' lang='lat' dir='ltr'><strong>putem,</strong></span> <span class='ocrx_word' id='word_1_56' title='bbox 1176 957 1245 1002; x_wconf 70' lang='lat' dir='ltr'><strong>ne-¹</strong></span> 
     </span>
     <span class='ocr_line' id='line_1_8' title="bbox 126 976 1239 1128; baseline 0.008 -32"><span class='ocrx_word' id='word_1_57' title='bbox 126 1051 193 1117; x_wconf 92' lang='lat' dir='ltr'><strong>que</strong></span> <span class='ocrx_word' id='word_1_58' title='bbox 208 976 481 1115; x_wconf 86' lang='lat' dir='ltr'><strong>intercedam,</strong></span> <span class='ocrx_word' id='word_1_59' title='bbox 457 1031 572 1119; x_wconf 78' lang='lat' dir='ltr'><strong>siquis</strong></span> <span class='ocrx_word' id='word_1_60' title='bbox 589 1031 623 1097; x_wconf 96' lang='lat' dir='ltr'><strong>in</strong></span> <span class='ocrx_word' id='word_1_61' title='bbox 639 1030 887 1121; x_wconf 90' lang='lat' dir='ltr'><strong>corruptissimo</strong></span> <span class='ocrx_word' id='word_1_62' title='bbox 910 1040 944 1100; x_wconf 89' lang='lat' dir='ltr'><strong>et</strong></span> <span class='ocrx_word' id='word_1_63' title='bbox 965 1033 1125 1102; x_wconf 82' lang='lat' dir='ltr'><strong>lacunosa</strong></span> <span class='ocrx_word' id='word_1_64' title='bbox 1138 1037 1239 1128; x_wconf 87' lang='lat' dir='ltr'><strong>Apu-</strong></span> 
     </span>
    </p>

    <p class='ocr_par' dir='ltr' id='par_1_3' title="bbox 83 1131 876 1224">
     <span class='ocr_line' id='line_1_9' title="bbox 83 1131 876 1224; baseline -0.001 -22"><span class='ocrx_word' id='word_1_65' title='bbox 83 1211 88 1218; x_wconf 22' lang='lat'><strong>,</strong></span> <span class='ocrx_word' id='word_1_66' title='bbox 124 1131 184 1224; x_wconf 85' lang='lat' dir='ltr'><strong>leji</strong></span> <span class='ocrx_word' id='word_1_67' title='bbox 193 1131 306 1198; x_wconf 88' lang='lat' dir='ltr'><strong>libello</strong></span> <span class='ocrx_word' id='word_1_68' title='bbox 321 1131 411 1199; x_wconf 87' lang='lat' dir='ltr'><strong>idem</strong></span> <span class='ocrx_word' id='word_1_69' title='bbox 424 1155 548 1202; x_wconf 89' lang='lat' dir='ltr'><strong>nomen</strong></span> <span class='ocrx_word' id='word_1_70' title='bbox 560 1135 664 1201; x_wconf 91' lang='lat' dir='ltr'><strong>latere</strong></span> <span class='ocrx_word' id='word_1_71' title='bbox 680 1135 876 1223; x_wconf 88' lang='lat' dir='ltr'><strong>suspicetur.</strong></span> 
     </span>
    </p>

    <p class='ocr_par' dir='ltr' id='par_1_4' title="bbox 105 1197 1316 2852">
     <span class='ocr_line' id='line_1_10' title="bbox 105 1197 1239 1327; baseline 0.005 -25"><span class='ocrx_word' id='word_1_72' title='bbox 105 1236 108 1245; x_wconf 86' lang='lat'>&#39;</span> <span class='ocrx_word' id='word_1_73' title='bbox 131 1274 150 1298; x_wconf 66' lang='grc' dir='ltr'><strong>ι·</strong></span> <span class='ocrx_word' id='word_1_74' title='bbox 226 1234 386 1307; x_wconf 90' lang='lat' dir='ltr'><strong>Poetica</strong></span> <span class='ocrx_word' id='word_1_75' title='bbox 377 1244 463 1305; x_wconf 91' lang='lat' dir='ltr'><strong>mter</strong></span> <span class='ocrx_word' id='word_1_76' title='bbox 477 1237 613 1304; x_wconf 89' lang='lat' dir='ltr'><strong>Domitii</strong></span> <span class='ocrx_word' id='word_1_77' title='bbox 628 1236 734 1304; x_wconf 91' lang='lat' dir='ltr'><strong>Marsi</strong></span> <span class='ocrx_word' id='word_1_78' title='bbox 751 1259 872 1327; x_wconf 90' lang='lat' dir='ltr'><strong>opera,</strong></span> <span class='ocrx_word' id='word_1_79' title='bbox 891 1258 977 1325; x_wconf 90' lang='lat' dir='ltr'><strong>quae</strong></span> <span class='ocrx_word' id='word_1_80' title='bbox 994 1237 1130 1325; x_wconf 88' lang='lat' dir='ltr'><strong>quidem</strong></span> <span class='ocrx_word' id='word_1_81' title='bbox 1143 1197 1239 1308; x_wconf 90' lang='lat' dir='ltr'><strong>nobis</strong></span> 
     </span>
     <span class='ocr_line' id='line_1_11' title="bbox 114 1328 1316 1431; baseline 0.001 -24"><span class='ocrx_word' id='word_1_82' title='bbox 114 1328 356 1426; x_wconf 77' lang='lat' dir='ltr'><strong>innotuerunt,</strong></span> <span class='ocrx_word' id='word_1_83' title='bbox 380 1348 552 1430; x_wconf 88' lang='lat' dir='ltr'><strong>postremo</strong></span> <span class='ocrx_word' id='word_1_84' title='bbox 574 1340 651 1407; x_wconf 91' lang='lat' dir='ltr'><strong>Ioco</strong></span> <span class='ocrx_word' id='word_1_85' title='bbox 664 1357 829 1431; x_wconf 86' lang='lat' dir='ltr'><strong>ponamus</strong></span> <span class='ocrx_word' id='word_1_86' title='bbox 847 1339 919 1431; x_wconf 88' lang='lat' dir='ltr'><strong>ejus</strong></span> <span class='ocrx_word' id='word_1_87' title='bbox 937 1338 1127 1426; x_wconf 81' lang='lat' dir='ltr'><strong>Fabellas,</strong></span> <span class='ocrx_word' id='word_1_88' title='bbox 1153 1364 1239 1429; x_wconf 85' lang='lat' dir='ltr'><strong>qua·</strong></span> <span class='ocrx_word' id='word_1_89' title='bbox 1313 1384 1316 1389; x_wconf 84' lang='lat'><strong>·</strong></span> 
     </span>
     <span class='ocr_line' id='line_1_12' title="bbox 124 1441 1239 1516; baseline 0.005 -7"><span class='ocrx_word' id='word_1_90' title='bbox 124 1463 201 1509; x_wconf 91' lang='lat' dir='ltr'><strong>rum</strong></span> <span class='ocrx_word' id='word_1_91' title='bbox 219 1441 340 1508; x_wconf 88' lang='lat' dir='ltr'><strong>librum</strong></span> <span class='ocrx_word' id='word_1_92' title='bbox 364 1463 507 1515; x_wconf 85' lang='grc' dir='ltr'>ιιοιιιιιιι,</span> <span class='ocrx_word' id='word_1_93' title='bbox 523 1452 765 1511; x_wconf 82' lang='lat' dir='ltr'><strong>commemorat</strong></span> <span class='ocrx_word' id='word_1_94' title='bbox 788 1442 958 1511; x_wconf 84' lang='lat' dir='ltr'><strong>Charisius</strong></span> <span class='ocrx_word' id='word_1_95' title='bbox 982 1442 1239 1516; x_wconf 82' lang='lat' dir='ltr'><strong>Grammaticus.</strong></span> 
     </span>
     <span class='ocr_line' id='line_1_13' title="bbox 124 1544 1241 1637; baseline 0.002 -25"><span class='ocrx_word' id='word_1_96' title='bbox 124 1544 268 1635; x_wconf 85' lang='lat' dir='ltr'><strong>Propter</strong></span> <span class='ocrx_word' id='word_1_97' title='bbox 289 1544 357 1613; x_wconf 92' lang='lat' dir='ltr'><strong>hoc</strong></span> <span class='ocrx_word' id='word_1_98' title='bbox 378 1568 464 1637; x_wconf 91' lang='lat' dir='ltr'><strong>opus</strong></span> <span class='ocrx_word' id='word_1_99' title='bbox 487 1545 620 1614; x_wconf 89' lang='lat' dir='ltr'><strong>Marsus</strong></span> <span class='ocrx_word' id='word_1_100' title='bbox 642 1545 677 1611; x_wconf 91' lang='lat' dir='ltr'><strong>in</strong></span> <span class='ocrx_word' id='word_1_101' title='bbox 694 1545 937 1615; x_wconf 91' lang='lat' dir='ltr'><strong>Historicorum</strong></span> <span class='ocrx_word' id='word_1_102' title='bbox 958 1544 1154 1615; x_wconf 91' lang='lat' dir='ltr'><strong>Latinorum</strong></span> <span class='ocrx_word' id='word_1_103' title='bbox 1176 1569 1241 1614; x_wconf 87' lang='lat' dir='ltr'><strong>nu-</strong></span> 
     </span>
     <span class='ocr_line' id='line_1_14' title="bbox 125 1645 1240 1739; baseline 0.001 -23"><span class='ocrx_word' id='word_1_104' title='bbox 125 1669 219 1716; x_wconf 88' lang='lat' dir='ltr'><strong>mero</strong></span> <span class='ocrx_word' id='word_1_105' title='bbox 235 1648 358 1721; x_wconf 86' lang='lat' dir='ltr'><strong>relatus</strong></span> <span class='ocrx_word' id='word_1_106' title='bbox 376 1659 426 1717; x_wconf 90' lang='lat' dir='ltr'><strong>est</strong></span> <span class='ocrx_word' id='word_1_107' title='bbox 442 1649 486 1716; x_wconf 93' lang='lat' dir='ltr'><strong>ab</strong></span> <span class='ocrx_word' id='word_1_108' title='bbox 501 1649 549 1720; x_wconf 94' lang='lat' dir='ltr'><strong>Io.</strong></span> <span class='ocrx_word' id='word_1_109' title='bbox 569 1647 612 1717; x_wconf 81' lang='lat' dir='ltr'><strong>G.</strong></span> <span class='ocrx_word' id='word_1_110' title='bbox 631 1647 750 1717; x_wconf 88' lang='lat' dir='ltr'><strong>Vossio</strong></span> <span class='ocrx_word' id='word_1_111' title='bbox 766 1648 859 1720; x_wconf 90' lang='lat' dir='ltr'><strong>Libr.</strong></span> <span class='ocrx_word' id='word_1_112' title='bbox 872 1647 899 1720; x_wconf 93' lang='grc' dir='ltr'><strong>Ι.</strong></span> <span class='ocrx_word' id='word_1_113' title='bbox 914 1672 943 1719; x_wconf 90' lang='lat' dir='ltr'><strong>c.</strong></span> <span class='ocrx_word' id='word_1_114' title='bbox 958 1645 1018 1715; x_wconf 81' lang='lat'><strong>16.</strong></span> <span class='ocrx_word' id='word_1_115' title='bbox 1040 1671 1077 1739; x_wconf 89' lang='lat' dir='ltr'><strong>p.</strong></span> <span class='ocrx_word' id='word_1_116' title='bbox 1091 1645 1151 1717; x_wconf 81' lang='lat'><strong>25.</strong></span> <span class='ocrx_word' id='word_1_117' title='bbox 1165 1649 1240 1723; x_wconf 78' lang='lat' dir='ltr'><strong>vol</strong></span> 
     </span>
     <span class='ocr_line' id='line_1_15' title="bbox 124 1747 1240 1843; baseline 0.003 -26"><span class='ocrx_word' id='word_1_118' title='bbox 124 1749 184 1819; x_wconf 91' lang='lat' dir='ltr'><strong>IV.</strong></span> <span class='ocrx_word' id='word_1_119' title='bbox 203 1747 309 1841; x_wconf 77' lang='lat' dir='ltr'><strong>Opp,</strong></span> <span class='ocrx_word' id='word_1_120' title='bbox 334 1752 393 1841; x_wconf 89' lang='lat' dir='ltr'><strong>qui</strong></span> <span class='ocrx_word' id='word_1_121' title='bbox 412 1751 496 1820; x_wconf 93' lang='lat' dir='ltr'><strong>illud</strong></span> <span class='ocrx_word' id='word_1_122' title='bbox 518 1752 687 1819; x_wconf 82' lang='lat' dir='ltr'><strong>fabulosas</strong></span> <span class='ocrx_word' id='word_1_123' title='bbox 710 1753 913 1819; x_wconf 86' lang='lat' dir='ltr'><strong>narrationes</strong></span> <span class='ocrx_word' id='word_1_124' title='bbox 935 1752 1240 1843; x_wconf 78' lang='lat' dir='ltr'><strong>compleram‘esse</strong></span> 
     </span>
     <span class='ocr_line' id='line_1_16' title="bbox 125 1853 1240 1946; baseline 0.002 -25"><span class='ocrx_word' id='word_1_125' title='bbox 125 1853 298 1922; x_wconf 84' lang='lat' dir='ltr'><strong>existimat.</strong></span> <span class='ocrx_word' id='word_1_126' title='bbox 353 1853 523 1946; x_wconf 85' lang='lat' dir='ltr'><strong>Cogitanti</strong></span> <span class='ocrx_word' id='word_1_127' title='bbox 536 1853 617 1943; x_wconf 89' lang='lat' dir='ltr'><strong>mihi</strong></span> <span class='ocrx_word' id='word_1_128' title='bbox 636 1876 745 1945; x_wconf 93' lang='lat' dir='ltr'><strong>nuper</strong></span> <span class='ocrx_word' id='word_1_129' title='bbox 760 1855 804 1921; x_wconf 89' lang='lat' dir='ltr'><strong>de</strong></span> <span class='ocrx_word' id='word_1_130' title='bbox 822 1854 874 1921; x_wconf 90' lang='lat' dir='ltr'><strong>his</strong></span> <span class='ocrx_word' id='word_1_131' title='bbox 889 1853 1035 1921; x_wconf 86' lang='lat' dir='ltr'><strong>Fabellis</strong></span> <span class='ocrx_word' id='word_1_132' title='bbox 1054 1862 1089 1921; x_wconf 90' lang='lat' dir='ltr'><strong>et</strong></span> <span class='ocrx_word' id='word_1_133' title='bbox 1102 1855 1240 1923; x_wconf 88' lang='lat' dir='ltr'><strong>Domitii</strong></span> 
     </span>
     <span class='ocr_line' id='line_1_17' title="bbox 123 1953 1240 2047; baseline -0.002 -20"><span class='ocrx_word' id='word_1_134' title='bbox 123 1953 232 2027; x_wconf 87' lang='lat' dir='ltr'><strong>Marsi</strong></span> <span class='ocrx_word' id='word_1_135' title='bbox 246 1956 416 2046; x_wconf 84' lang='lat' dir='ltr'><strong>ingenium</strong></span> <span class='ocrx_word' id='word_1_136' title='bbox 431 1956 600 2047; x_wconf 89' lang='lat' dir='ltr'><strong>reputanti</strong></span> <span class='ocrx_word' id='word_1_137' title='bbox 611 1956 724 2025; x_wconf 88' lang='lat' dir='ltr'><strong>nescio</strong></span> <span class='ocrx_word' id='word_1_138' title='bbox 738 1957 796 2046; x_wconf 87' lang='lat' dir='ltr'><strong>qui</strong></span> <span class='ocrx_word' id='word_1_139' title='bbox 812 1957 939 2028; x_wconf 80' lang='lat' dir='ltr'><strong>factum</strong></span> <span class='ocrx_word' id='word_1_140' title='bbox 961 1955 1020 2044; x_wconf 88' lang='lat' dir='ltr'><strong>sit,</strong></span> <span class='ocrx_word' id='word_1_141' title='bbox 1046 1965 1090 2024; x_wconf 90' lang='lat' dir='ltr'><strong>nt</strong></span> <span class='ocrx_word' id='word_1_142' title='bbox 1100 1980 1240 2025; x_wconf 88' lang='lat' dir='ltr'><strong>succur-</strong></span> 
     </span>
     <span class='ocr_line' id='line_1_18' title="bbox 124 2058 1281 2151; baseline 0.001 -24"><span class='ocrx_word' id='word_1_143' title='bbox 124 2066 237 2127; x_wconf 90' lang='lat' dir='ltr'><strong>rerent</strong></span> <span class='ocrx_word' id='word_1_144' title='bbox 256 2080 323 2125; x_wconf 92' lang='lat' dir='ltr'><strong>non</strong></span> <span class='ocrx_word' id='word_1_145' title='bbox 344 2067 412 2126; x_wconf 87' lang='lat' dir='ltr'><strong>tam</strong></span> <span class='ocrx_word' id='word_1_146' title='bbox 430 2058 564 2126; x_wconf 84' lang='lat' dir='ltr'><strong>Musaei</strong></span> <span class='ocrx_word' id='word_1_147' title='bbox 587 2059 679 2129; x_wconf 88' lang='lat' dir='ltr'><strong>istius</strong></span> <span class='ocrx_word' id='word_1_148' title='bbox 700 2059 916 2151; x_wconf 79' lang='lat' dir='ltr'><strong>pathicissimi</strong></span> <span class='ocrx_word' id='word_1_149' title='bbox 936 2059 1057 2144; x_wconf 90' lang='lat' dir='ltr'><strong>libelli,</strong></span> <span class='ocrx_word' id='word_1_150' title='bbox 1096 2061 1171 2148; x_wconf 88' lang='lat' dir='ltr'><strong>qui,</strong></span> <span class='ocrx_word' id='word_1_151' title='bbox 1202 2069 1241 2128; x_wconf 88' lang='lat' dir='ltr'><strong>ut</strong></span> <span class='ocrx_word' id='word_1_152' title='bbox 1277 2109 1281 2113; x_wconf 88' lang='lat'>-</span> 
     </span>
     <span class='ocr_line' id='line_1_19' title="bbox 124 2159 1240 2254; baseline 0.001 -25"><span class='ocrx_word' id='word_1_153' title='bbox 124 2159 288 2229; x_wconf 89' lang='lat' dir='ltr'><strong>Martialis</strong></span> <span class='ocrx_word' id='word_1_154' title='bbox 301 2161 394 2230; x_wconf 90' lang='lat' dir='ltr'><strong>Libr.</strong></span> <span class='ocrx_word' id='word_1_155' title='bbox 410 2162 485 2232; x_wconf 95' lang='lat' dir='ltr'><strong>XII.</strong></span> <span class='ocrx_word' id='word_1_156' title='bbox 499 2163 608 2254; x_wconf 86' lang='lat' dir='ltr'><strong>epigr.</strong></span> <span class='ocrx_word' id='word_1_157' title='bbox 624 2159 683 2228; x_wconf 80' lang='lat'><strong>96.</strong></span> <span class='ocrx_word' id='word_1_158' title='bbox 697 2171 855 2251; x_wconf 88' lang='lat' dir='ltr'><strong>testatur,</strong></span> <span class='ocrx_word' id='word_1_159' title='bbox 882 2163 1055 2233; x_wconf 87' lang='lat' dir='ltr'><strong>certabant</strong></span> <span class='ocrx_word' id='word_1_160' title='bbox 1074 2161 1240 2253; x_wconf 81' lang='lat' dir='ltr'><strong>Sybariti-</strong></span> 
     </span>
     <span class='ocr_line' id='line_1_20' title="bbox 125 2258 1241 2356; baseline 0.004 -26"><span class='ocrx_word' id='word_1_161' title='bbox 125 2264 172 2331; x_wconf 87' lang='lat' dir='ltr'><strong>cis</strong></span> <span class='ocrx_word' id='word_1_162' title='bbox 191 2263 327 2350; x_wconf 85' lang='lat' dir='ltr'><strong>Iibellis,</strong></span> <span class='ocrx_word' id='word_1_163' title='bbox 359 2265 510 2355; x_wconf 89' lang='lat' dir='ltr'><strong>aliaeque</strong></span> <span class='ocrx_word' id='word_1_164' title='bbox 531 2265 653 2333; x_wconf 88' lang='lat' dir='ltr'><strong>tinctae</strong></span> <span class='ocrx_word' id='word_1_165' title='bbox 674 2267 742 2332; x_wconf 89' lang='lat' dir='ltr'><strong>sale</strong></span> <span class='ocrx_word' id='word_1_166' title='bbox 763 2258 933 2356; x_wconf 77' lang='lat' dir='ltr'><strong>pruriente</strong></span> <span class='ocrx_word' id='word_1_167' title='bbox 959 2264 1111 2351; x_wconf 88' lang='lat' dir='ltr'><strong>chartae,</strong></span> <span class='ocrx_word' id='word_1_168' title='bbox 1138 2289 1241 2354; x_wconf 91' lang='lat' dir='ltr'><strong>quam</strong></span> 
     </span>
     <span class='ocr_line' id='line_1_21' title="bbox 125 2360 1240 2462; baseline 0.003 -29"><span class='ocrx_word' id='word_1_169' title='bbox 125 2366 296 2439; x_wconf 81' lang='lat' dir='ltr'><strong>Parthenii</strong></span> <span class='ocrx_word' id='word_1_170' title='bbox 313 2364 467 2460; x_wconf 67' lang='grc' dir='ltr'>ἐρωτικά</span> <span class='ocrx_word' id='word_1_171' title='bbox 486 2360 712 2462; x_wconf 76' lang='grc' dir='ltr'><strong><em>παθήματα,</em></strong></span> <span class='ocrx_word' id='word_1_172' title='bbox 739 2369 859 2456; x_wconf 93' lang='lat' dir='ltr'><strong>quibus</strong></span> <span class='ocrx_word' id='word_1_173' title='bbox 875 2367 948 2459; x_wconf 89' lang='lat' dir='ltr'><strong>ejus</strong></span> <span class='ocrx_word' id='word_1_174' title='bbox 963 2368 1123 2452; x_wconf 91' lang='lat' dir='ltr'><strong>amicum,</strong></span> <span class='ocrx_word' id='word_1_175' title='bbox 1151 2367 1240 2436; x_wconf 86' lang='lat' dir='ltr'><strong>Cor-</strong></span> 
     </span>
     <span class='ocr_line' id='line_1_22' title="bbox 115 2468 1238 2562; baseline 0.001 -24"><span class='ocrx_word' id='word_1_176' title='bbox 115 2470 249 2538; x_wconf 87' lang='lat' dir='ltr'><strong>nelium</strong></span> <span class='ocrx_word' id='word_1_177' title='bbox 275 2470 430 2555; x_wconf 85' lang='lat' dir='ltr'><strong>Gallum,</strong></span> <span class='ocrx_word' id='word_1_178' title='bbox 471 2469 578 2546; x_wconf 81' lang='lat' dir='ltr'><strong>Marsi</strong></span> <span class='ocrx_word' id='word_1_179' title='bbox 607 2471 802 2561; x_wconf 88' lang='lat' dir='ltr'><strong>aequalem,</strong></span> <span class='ocrx_word' id='word_1_180' title='bbox 846 2471 881 2538; x_wconf 92' lang='lat' dir='ltr'><strong>in</strong></span> <span class='ocrx_word' id='word_1_181' title='bbox 906 2469 1089 2539; x_wconf 86' lang='lat' dir='ltr'><strong>scribendis</strong></span> <span class='ocrx_word' id='word_1_182' title='bbox 1108 2468 1238 2562; x_wconf 87' lang='lat' dir='ltr'><strong>Elegiis</strong></span> 
     </span>
     <span class='ocr_line' id='line_1_23' title="bbox 125 2573 1238 2666; baseline 0.003 -27"><span class='ocrx_word' id='word_1_183' title='bbox 125 2594 223 2640; x_wconf 89' lang='lat' dir='ltr'><strong>usum</strong></span> <span class='ocrx_word' id='word_1_184' title='bbox 241 2596 312 2641; x_wconf 86' lang='lat' dir='ltr'><strong>esse</strong></span> <span class='ocrx_word' id='word_1_185' title='bbox 335 2582 473 2642; x_wconf 90' lang='lat' dir='ltr'><strong>constat.</strong></span> <span class='ocrx_word' id='word_1_186' title='bbox 524 2574 601 2641; x_wconf 89' lang='lat' dir='ltr'><strong>Illas</strong></span> <span class='ocrx_word' id='word_1_187' title='bbox 623 2575 710 2642; x_wconf 91' lang='lat' dir='ltr'><strong>enim</strong></span> <span class='ocrx_word' id='word_1_188' title='bbox 734 2573 891 2642; x_wconf 92' lang='lat' dir='ltr'><strong>Fabellas</strong></span> <span class='ocrx_word' id='word_1_189' title='bbox 911 2574 1067 2666; x_wconf 87' lang='lat' dir='ltr'><strong>elegiacis</strong></span> <span class='ocrx_word' id='word_1_190' title='bbox 1090 2574 1238 2642; x_wconf 84' lang='lat' dir='ltr'><strong>versibus</strong></span> 
     </span>
     <span class='ocr_line' id='line_1_24' title="bbox 126 2675 1239 2769; baseline 0 -25"><span class='ocrx_word' id='word_1_191' title='bbox 126 2678 265 2766; x_wconf 87' lang='lat' dir='ltr'><strong>scriptas</strong></span> <span class='ocrx_word' id='word_1_192' title='bbox 295 2677 397 2746; x_wconf 82' lang='lat' dir='ltr'><strong>luisse</strong></span> <span class='ocrx_word' id='word_1_193' title='bbox 416 2678 478 2761; x_wconf 55' lang='lat' dir='ltr'><strong>¹vel</strong></span> <span class='ocrx_word' id='word_1_194' title='bbox 499 2677 758 2746; x_wconf 87' lang='lat' dir='ltr'><strong>Hemistichium</strong></span> <span class='ocrx_word' id='word_1_195' title='bbox 786 2677 905 2766; x_wconf 89' lang='lat' dir='ltr'><strong>docet,</strong></span> <span class='ocrx_word' id='word_1_196' title='bbox 944 2677 1039 2769; x_wconf 93' lang='lat' dir='ltr'><strong>quod</strong></span> <span class='ocrx_word' id='word_1_197' title='bbox 1071 2675 1239 2747; x_wconf 85' lang='lat' dir='ltr'><strong>Charisius</strong></span> 
     </span>
     <span class='ocr_line' id='line_1_25' title="bbox 125 2780 274 2852; baseline -0.034 -1"><span class='ocrx_word' id='word_1_198' title='bbox 125 2780 274 2852; x_wconf 81' lang='lat' dir='ltr'><strong>servavit</strong></span> 
     </span>
    </p>
   </div>
   <div class='ocr_carea' id='block_1_3' title="bbox 120 2982 1243 4315">
    <p class='ocr_par' dir='ltr' id='par_1_5' title="bbox 120 2982 1243 4315">
     <span class='ocr_line' id='line_1_26' title="bbox 226 2982 1240 3071; baseline 0.001 -21"><span class='ocrx_word' id='word_1_199' title='bbox 226 2983 362 3068; x_wconf 88' lang='lat' dir='ltr'><strong>Restat,</strong></span> <span class='ocrx_word' id='word_1_200' title='bbox 387 2989 424 3048; x_wconf 91' lang='lat' dir='ltr'><strong>ut</strong></span> <span class='ocrx_word' id='word_1_201' title='bbox 444 2982 487 3050; x_wconf 90' lang='lat' dir='ltr'><strong>de</strong></span> <span class='ocrx_word' id='word_1_202' title='bbox 508 2982 598 3049; x_wconf 92' lang='lat' dir='ltr'><strong>libris</strong></span> <span class='ocrx_word' id='word_1_203' title='bbox 623 2982 790 3069; x_wconf 90' lang='lat' dir='ltr'><strong>dicamus,</strong></span> <span class='ocrx_word' id='word_1_204' title='bbox 824 3004 909 3071; x_wconf 91' lang='lat' dir='ltr'><strong>quos</strong></span> <span class='ocrx_word' id='word_1_205' title='bbox 927 2982 1090 3052; x_wconf 83' lang='lat' dir='ltr'><strong>Domitius</strong></span> <span class='ocrx_word' id='word_1_206' title='bbox 1106 2983 1240 3051; x_wconf 86' lang='lat' dir='ltr'><strong>Marsus</strong></span> 
     </span>
     <span class='ocr_line' id='line_1_27' title="bbox 124 3085 1240 3177; baseline 0.001 -25"><span class='ocrx_word' id='word_1_207' title='bbox 124 3085 272 3176; x_wconf 86' lang='lat' dir='ltr'><strong>pedestri</strong></span> <span class='ocrx_word' id='word_1_208' title='bbox 288 3086 436 3152; x_wconf 89' lang='lat' dir='ltr'><strong>oratione</strong></span> <span class='ocrx_word' id='word_1_209' title='bbox 458 3085 685 3176; x_wconf 85' lang='lat' dir='ltr'><strong>composuisse</strong></span> <span class='ocrx_word' id='word_1_210' title='bbox 700 3085 907 3177; x_wconf 89' lang='lat' dir='ltr'><strong>perhibetur.</strong></span> <span class='ocrx_word' id='word_1_211' title='bbox 961 3087 1115 3154; x_wconf 85' lang='lat' dir='ltr'><strong>Sufficiet</strong></span> <span class='ocrx_word' id='word_1_212' title='bbox 1134 3088 1240 3153; x_wconf 88' lang='lat' dir='ltr'><strong>tribus</strong></span> 
     </span>
     <span class='ocr_line' id='line_1_28' title="bbox 124 3188 1240 3280; baseline 0 -25"><span class='ocrx_word' id='word_1_213' title='bbox 124 3189 181 3255; x_wconf 93' lang='lat' dir='ltr'><strong>hic</strong></span> <span class='ocrx_word' id='word_1_214' title='bbox 205 3189 351 3280; x_wconf 87' lang='lat' dir='ltr'><strong>tetigisse</strong></span> <span class='ocrx_word' id='word_1_215' title='bbox 372 3190 516 3275; x_wconf 68' lang='lat' dir='ltr'><strong>verhh,</strong></span> <span class='ocrx_word' id='word_1_216' title='bbox 541 3188 694 3256; x_wconf 91' lang='lat' dir='ltr'><strong>Marsum</strong></span> <span class='ocrx_word' id='word_1_217' title='bbox 717 3190 804 3256; x_wconf 87' lang='lat' dir='ltr'><strong>Poet</strong></span> <span class='ocrx_word' id='word_1_218' title='bbox 790 3197 858 3254; x_wconf 87' lang='lat' dir='ltr'><strong>tam</strong></span> <span class='ocrx_word' id='word_1_219' title='bbox 881 3190 1136 3257; x_wconf 90' lang='lat' dir='ltr'><strong>commemorari</strong></span> <span class='ocrx_word' id='word_1_220' title='bbox 1156 3189 1240 3255; x_wconf 88' lang='lat' dir='ltr'><strong>inter</strong></span> 
     </span>
     <span class='ocr_line' id='line_1_29' title="bbox 125 3290 1241 3382; baseline -0.002 -24"><span class='ocrx_word' id='word_1_221' title='bbox 125 3300 294 3375; x_wconf 87' lang='lat' dir='ltr'><strong>auctores,</strong></span> <span class='ocrx_word' id='word_1_222' title='bbox 321 3314 464 3380; x_wconf 90' lang='lat' dir='ltr'><strong>quorum</strong></span> <span class='ocrx_word' id='word_1_223' title='bbox 481 3293 610 3382; x_wconf 88' lang='lat' dir='ltr'><strong>seriptis</strong></span> <span class='ocrx_word' id='word_1_224' title='bbox 628 3290 667 3362; x_wconf 88' lang='lat' dir='ltr'><strong>C.</strong></span> <span class='ocrx_word' id='word_1_225' title='bbox 681 3291 804 3359; x_wconf 91' lang='lat' dir='ltr'><strong>Plinius</strong></span> <span class='ocrx_word' id='word_1_226' title='bbox 818 3313 895 3357; x_wconf 91' lang='lat' dir='ltr'><strong>usus</strong></span> <span class='ocrx_word' id='word_1_227' title='bbox 912 3291 1000 3359; x_wconf 88' lang='lat' dir='ltr'><strong>sitm</strong></span> <span class='ocrx_word' id='word_1_228' title='bbox 1013 3290 1241 3359; x_wconf 90' lang='lat' dir='ltr'><strong>concinnando</strong></span> 
     </span>
     <span class='ocr_line' id='line_1_30' title="bbox 126 3392 1238 3464; baseline -0.004 -2"><span class='ocrx_word' id='word_1_229' title='bbox 126 3395 240 3463; x_wconf 86' lang='lat' dir='ltr'><strong>Natur.</strong></span> <span class='ocrx_word' id='word_1_230' title='bbox 255 3395 380 3464; x_wconf 82' lang='lat' dir='ltr'><strong>Hister.</strong></span> <span class='ocrx_word' id='word_1_231' title='bbox 394 3397 500 3464; x_wconf 93' lang='lat' dir='ltr'><strong>Libro</strong></span> <span class='ocrx_word' id='word_1_232' title='bbox 513 3394 670 3463; x_wconf 84' lang='lat' dir='ltr'><strong>XXXIII.</strong></span> <span class='ocrx_word' id='word_1_233' title='bbox 694 3394 737 3461; x_wconf 91' lang='lat' dir='ltr'><strong>de</strong></span> <span class='ocrx_word' id='word_1_234' title='bbox 754 3393 965 3461; x_wconf 88' lang='lat' dir='ltr'><strong>metallorum</strong></span> <span class='ocrx_word' id='word_1_235' title='bbox 986 3404 1104 3462; x_wconf 89' lang='lat' dir='ltr'><strong>natura</strong></span> <span class='ocrx_word' id='word_1_236' title='bbox 1121 3393 1195 3461; x_wconf 86' lang='lat' dir='ltr'><strong>V&#39;oI</strong></span> <span class='ocrx_word' id='word_1_237' title='bbox 1212 3392 1238 3459; x_wconf 96' lang='lat' dir='ltr'><strong>I.</strong></span> 
     </span>
     <span class='ocr_line' id='line_1_31' title="bbox 125 3481 1239 3616; baseline 0 -54"><span class='ocrx_word' id='word_1_238' title='bbox 125 3521 206 3590; x_wconf 90' lang='lat' dir='ltr'><strong>pag.</strong></span> <span class='ocrx_word' id='word_1_239' title='bbox 228 3495 312 3565; x_wconf 81' lang='lat'><strong>150.</strong></span> <span class='ocrx_word' id='word_1_240' title='bbox 336 3496 413 3565; x_wconf 87' lang='lat' dir='ltr'><strong>Frz</strong></span> <span class='ocrx_word' id='word_1_241' title='bbox 464 3498 640 3589; x_wconf 86' lang='lat' dir='ltr'><strong>Pergimus</strong></span> <span class='ocrx_word' id='word_1_242' title='bbox 656 3497 701 3565; x_wconf 90' lang='lat' dir='ltr'><strong>ad</strong></span> <span class='ocrx_word' id='word_1_243' title='bbox 719 3481 974 3616; x_wconf 82' lang='lat' dir='ltr'><strong>Quintilianum,</strong></span> <span class='ocrx_word' id='word_1_244' title='bbox 1000 3498 1058 3586; x_wconf 94' lang='lat' dir='ltr'><strong>qui</strong></span> <span class='ocrx_word' id='word_1_245' title='bbox 1077 3497 1155 3566; x_wconf 90' lang='lat' dir='ltr'><strong>Inst.</strong></span> <span class='ocrx_word' id='word_1_246' title='bbox 1177 3493 1239 3564; x_wconf 91' lang='lat' dir='ltr'><strong>Or.</strong></span> 
     </span>
     <span class='ocr_line' id='line_1_32' title="bbox 124 3596 1241 3721; baseline -0.002 -53"><span class='ocrx_word' id='word_1_247' title='bbox 124 3601 218 3668; x_wconf 90' lang='lat' dir='ltr'><strong>Libr.</strong></span> <span class='ocrx_word' id='word_1_248' title='bbox 236 3600 294 3667; x_wconf 93' lang='lat' dir='ltr'><strong>Ill.</strong></span> <span class='ocrx_word' id='word_1_249' title='bbox 313 3597 348 3670; x_wconf 92' lang='lat'><strong>1.</strong></span> <span class='ocrx_word' id='word_1_250' title='bbox 366 3596 402 3695; x_wconf 80' lang='lat'><strong>§.</strong></span> <span class='ocrx_word' id='word_1_251' title='bbox 420 3599 479 3672; x_wconf 83' lang='lat'><strong>18</strong></span> <span class='ocrx_word' id='word_1_252' title='bbox 493 3601 596 3669; x_wconf 89' lang='lat' dir='ltr'><strong>haec.</strong></span> <span class='ocrx_word' id='word_1_253' title='bbox 622 3599 781 3690; x_wconf 85' lang='lat' dir='ltr'><strong>„Nam</strong></span> <span class='ocrx_word' id='word_1_254' title='bbox 768 3600 878 3718; x_wconf 65' lang='lat' dir='ltr'><strong>posius</strong></span> <span class='ocrx_word' id='word_1_255' title='bbox 903 3597 1136 3721; x_wconf 79' lang='lat' dir='ltr'><strong>(Apollodori)</strong></span> <span class='ocrx_word' id='word_1_256' title='bbox 1162 3598 1241 3668; x_wconf 87' lang='lat' dir='ltr'><strong>sola</strong></span> 
     </span>
     <span class='ocr_line' id='line_1_33' title="bbox 124 3686 1241 3795; baseline -0.003 -24"><span class='ocrx_word' id='word_1_257' title='bbox 124 3703 266 3771; x_wconf 83' lang='lat' dir='ltr'><strong>videtur</strong></span> <span class='ocrx_word' id='word_1_258' title='bbox 290 3686 364 3772; x_wconf 76' lang='lat' dir='ltr'><strong>Ars</strong></span> <span class='ocrx_word' id='word_1_259' title='bbox 390 3703 489 3772; x_wconf 83' lang='lat' dir='ltr'><strong>edita</strong></span> <span class='ocrx_word' id='word_1_260' title='bbox 514 3704 566 3772; x_wconf 85' lang='lat' dir='ltr'><strong>od</strong></span> <span class='ocrx_word' id='word_1_261' title='bbox 590 3702 762 3789; x_wconf 82' lang='lat' dir='ltr'><strong>Matium,</strong></span> <span class='ocrx_word' id='word_1_262' title='bbox 789 3703 873 3795; x_wconf 79' lang='lat' dir='ltr'><strong>qaia</strong></span> <span class='ocrx_word' id='word_1_263' title='bbox 899 3698 1036 3771; x_wconf 79' lang='lat' dir='ltr'><strong>ceteras</strong></span> <span class='ocrx_word' id='word_1_264' title='bbox 1053 3703 1162 3770; x_wconf 83' lang='lat' dir='ltr'><strong>missu</strong></span> <span class='ocrx_word' id='word_1_265' title='bbox 1188 3690 1241 3768; x_wconf 74' lang='lat' dir='ltr'><strong>dd</strong></span> 
     </span>
     <span class='ocr_line' id='line_1_34' title="bbox 124 3803 1241 3927; baseline -0.003 -53"><span class='ocrx_word' id='word_1_266' title='bbox 124 3805 320 3875; x_wconf 80' lang='lat' dir='ltr'><strong>Domitium</strong></span> <span class='ocrx_word' id='word_1_267' title='bbox 347 3807 496 3927; x_wconf 79' lang='lat' dir='ltr'><strong>epistola</strong></span> <span class='ocrx_word' id='word_1_268' title='bbox 520 3829 588 3875; x_wconf 79' lang='lat' dir='ltr'><strong>aaa</strong></span> <span class='ocrx_word' id='word_1_269' title='bbox 615 3807 787 3900; x_wconf 75' lang='lat' dir='ltr'><strong>agnoscit</strong></span> <span class='ocrx_word' id='word_1_270' title='bbox 796 3809 818 3847; x_wconf 85' lang='lat'><strong>“</strong></span> <span class='ocrx_word' id='word_1_271' title='bbox 870 3803 1159 3883; x_wconf 68' lang='lat' dir='ltr'><strong>commemoratus</strong></span> <span class='ocrx_word' id='word_1_272' title='bbox 1184 3805 1241 3871; x_wconf 94' lang='lat' dir='ltr'><strong>hic</strong></span> 
     </span>
     <span class='ocr_line' id='line_1_35' title="bbox 124 3894 1241 3999; baseline -0.004 -22"><span class='ocrx_word' id='word_1_273' title='bbox 124 3908 302 3978; x_wconf 85' lang='lat' dir='ltr'><strong>Domitius</strong></span> <span class='ocrx_word' id='word_1_274' title='bbox 327 3912 400 3998; x_wconf 88' lang='lat' dir='ltr'><strong>quis</strong></span> <span class='ocrx_word' id='word_1_275' title='bbox 415 3911 474 3999; x_wconf 89' lang='lat' dir='ltr'><strong>sit,</strong></span> <span class='ocrx_word' id='word_1_276' title='bbox 500 3911 680 3979; x_wconf 90' lang='lat' dir='ltr'><strong>dubitatur</strong></span> <span class='ocrx_word' id='word_1_277' title='bbox 731 3910 785 3977; x_wconf 88' lang='lat' dir='ltr'><strong>De</strong></span> <span class='ocrx_word' id='word_1_278' title='bbox 799 3900 954 3977; x_wconf 86' lang='lat' dir='ltr'><strong>Domitio</strong></span> <span class='ocrx_word' id='word_1_279' title='bbox 970 3894 1056 3977; x_wconf 76' lang='lat' dir='ltr'><strong>Afro</strong></span> <span class='ocrx_word' id='word_1_280' title='bbox 1076 3931 1120 3978; x_wconf 90' lang='lat' dir='ltr'><strong>ne</strong></span> <span class='ocrx_word' id='word_1_281' title='bbox 1144 3908 1241 3999; x_wconf 88' lang='lat' dir='ltr'><strong>cogi-</strong></span> 
     </span>
     <span class='ocr_line' id='line_1_36' title="bbox 120 4009 1242 4113; baseline -0.003 -34"><span class='ocrx_word' id='word_1_282' title='bbox 120 4021 252 4100; x_wconf 85' lang='lat' dir='ltr'><strong>temus,</strong></span> <span class='ocrx_word' id='word_1_283' title='bbox 285 4021 377 4080; x_wconf 85' lang='lat' dir='ltr'><strong>vetat</strong></span> <span class='ocrx_word' id='word_1_284' title='bbox 401 4023 552 4113; x_wconf 83' lang='lat' dir='ltr'><strong>tempus,</strong></span> <span class='ocrx_word' id='word_1_285' title='bbox 588 4036 657 4103; x_wconf 94' lang='lat' dir='ltr'><strong>quo</strong></span> <span class='ocrx_word' id='word_1_286' title='bbox 674 4011 737 4081; x_wconf 93' lang='lat' dir='ltr'><strong>hic</strong></span> <span class='ocrx_word' id='word_1_287' title='bbox 766 4020 879 4079; x_wconf 85' lang='lat' dir='ltr'><strong>orator</strong></span> <span class='ocrx_word' id='word_1_288' title='bbox 905 4012 1058 4082; x_wconf 87' lang='lat' dir='ltr'><strong>florebat.</strong></span> <span class='ocrx_word' id='word_1_289' title='bbox 1124 4009 1242 4099; x_wconf 89' lang='lat' dir='ltr'><strong>ltaque</strong></span> 
     </span>
     <span class='ocr_line' id='line_1_37' title="bbox 125 4066 1240 4207; baseline -0.003 -25"><span class='ocrx_word' id='word_1_290' title='bbox 125 4066 341 4207; x_wconf 82' lang='lat' dir='ltr'><strong>Spaldihgins</strong></span> <span class='ocrx_word' id='word_1_291' title='bbox 355 4106 552 4199; x_wconf 82' lang='lat' dir='ltr'><strong>Domitium</strong></span> <span class='ocrx_word' id='word_1_292' title='bbox 565 4116 731 4185; x_wconf 82' lang='lat' dir='ltr'><strong>Marsum</strong></span> <span class='ocrx_word' id='word_1_293' title='bbox 744 4116 887 4184; x_wconf 83' lang='lat' dir='ltr'><strong>Poetam</strong></span> <span class='ocrx_word' id='word_1_294' title='bbox 899 4113 1160 4207; x_wconf 34' lang='lat' dir='ltr'><strong>intelligendum.</strong></span> <span class='ocrx_word' id='word_1_295' title='bbox 1171 4137 1240 4206; x_wconf 86' lang='lat' dir='ltr'><strong>pu-</strong></span> 
     </span>
     <span class='ocr_line' id='line_1_38' title="bbox 124 4218 1243 4315; baseline -0.002 -31"><span class='ocrx_word' id='word_1_296' title='bbox 124 4226 191 4309; x_wconf 87' lang='lat' dir='ltr'><strong>tat,</strong></span> <span class='ocrx_word' id='word_1_297' title='bbox 218 4219 275 4308; x_wconf 92' lang='lat' dir='ltr'><strong>qui</strong></span> <span class='ocrx_word' id='word_1_298' title='bbox 291 4220 370 4309; x_wconf 82' lang='lat' dir='ltr'><strong>licet</strong></span> <span class='ocrx_word' id='word_1_299' title='bbox 383 4221 586 4314; x_wconf 90' lang='lat' dir='ltr'><strong>plerumque</strong></span> <span class='ocrx_word' id='word_1_300' title='bbox 601 4219 721 4313; x_wconf 71' lang='lat' dir='ltr'><strong>Marsi</strong></span> <span class='ocrx_word' id='word_1_301' title='bbox 735 4219 869 4315; x_wconf 84' lang='lat' dir='ltr'><strong>nornine</strong></span> <span class='ocrx_word' id='word_1_302' title='bbox 883 4219 1134 4315; x_wconf 83' lang='lat' dir='ltr'><strong>ascriptoribus</strong></span> <span class='ocrx_word' id='word_1_303' title='bbox 1152 4218 1243 4283; x_wconf 87' lang='lat' dir='ltr'><strong>cele-</strong></span> 
     </span>
    </p>
   </div>
   <div class='ocr_carea' id='block_1_4' title="bbox 0 0 1388 4838">
    <p class='ocr_par' dir='ltr' id='par_1_6' title="bbox 0 0 1388 4838">
     <span class='ocr_line' id='line_1_39' title="bbox 0 0 1388 4838; baseline 0 0"><span class='ocrx_word' id='word_1_304' title='bbox 0 0 1388 4838; x_wconf 95' lang='lat' dir='ltr'><strong> </strong></span> 
     </span>
    </p>
   </div>
  </div>
 </body>
</html>
