2768 4838
337 265 567 329 taurana
580 264 783 319 πωπω-
796 264 1054 335 mmmm
1096 309 1099 315 -
1174 241 1258 333 Μ.

130 413 686 509 111.,0‹‚1‚14.nlaaodza.
703 416 789 488 nt.
814 417 887 489 Sed
906 417 942 487 in
956 415 1171 511 spurcissimo
1192 416 1254 485 illo
1331 468 1339 493 .

130 521 276 608 carmine
305 546 374 591 nou
404 521 606 591 crediderim
642 521 839 609 Horatium,
883 523 1085 613 nuperrime
1104 520 1257 613 demum
1298 568 1301 575 -

129 624 337 694 Maecenatis
368 624 614 709 convictoribus
637 623 863 717 adscriptum,
897 625 1101 701 mentionem
1115 624 1258 719 ὶφρὶξεφ

130 728 327 815 Terentiae,
353 729 464 797 uxoris
480 722 750 795 adolescentulae
770 737 803 795 et
821 727 993 797 honestae.
1043 728 1145 813 Illam¹
1163 727 1256 807 enim

130 829 280 921 Epodon
306 832 466 900 Horatius
488 853 552 923 per
565 820 688 921 'jocum
714 830 864 921 scripsit,
896 853 1039 920 eamque
1062 829 1256 925 Maecenati

121 927 243 1023 jocoso
266 935 454 1026 inscripsit,
478 957 564 1003 ¹uon
592 932 675 1001 item
695 931 847 1025 Epodon
868 933 980 1018 xla,
1018 934 1054 1022 in
1077 956 1145 1028 qua
1166 934 1257 1028 seria

131 1044 326 1105 tractantur·
373 1038 515 1106 Etcum
527 1038 562 1103 in
576 1058 616 1102 ea
626 1044 785 1126 patronus
805 1037 862 1104 ille
879 1037 1057 1105 salutetur:
1088 1035 1254 1129 Candide

131 1139 343 1222 Maecenas,
368 1164 436 1225 non
452 1139 569 1208 dubito
584 1138 664 1206 inde
677 1139 856 1231 colligere,
877 1139 1069 1231 longiorem
1076 1139 1154 1232 jam
1167 1140 1254 1225 utri-

131 1264 199 1330 quc
212 1242 314 1312 fuisse
329 1244 493 1311 amicitiae
506 1250 712 1331 mutuaeque
726 1242 979 1315 benevolentiae
993 1266 1101 1315 usum.
1133 1314 1137 1321 ,
1154 1243 1255 1327 (ἔφα-Ι

117 1342 355 1437 ¹propterhoc
371 1369 506 1414 carmen
519 1368 587 1413 non
598 1354 683 1436 puto
701 1347 864 1437 scriptum
887 1369 961 1414 esse
983 1355 1059 1415 ante
1091 1345 1185 1429 a„U.
1211 1344 1255 1433 Ο..

131 1448 218 1518 Ί2θ.
245 1448 448 1517 Meibourius
460 1451 494 1517 iu
507 1428 708 1516 Maecenatd
724 1448 809 1540 Cap.
825 1449 966 1539 XXVII.
981 1444 1017 1543 β.
1035 1447 1072 1517 9.·
1089 1448 1124 1517 in
1137 1448 1256 1517 Seno-

131 1552 303 1619 liastarum
321 1553 518 1620 sententiam
536 1552 678 1638 trarniit,
704 1575 807 1641 quam
824 1552 978 1643 plerique
998 1552 1177 1645 Editorum
1196 1552 1253 1621 vix

130 1664 318 1725 memoratu
332 1656 472 1746 dignam
485 1656 684 1723 habuemut
737 1655 899 1724 Dacerius
916 1655 962 1729 Τ.
977 1655 1019 1725 V.
1033 1680 1069 1748 p.
1091 1653 1179 1725 208.
1197 1656 1251 1723 in-

131 1760 251 1851 telligit
271 1759 481 1827 meretricem
505 1758 683 1828 Liciniam
704 1780 763 1826 seu
790 1758 1003 1849 Licymniam
1029 1766 1253 1843 memoratam

131 1861 223 1930 Libr.
249 1861 292 1932 ΙΙ.
315 1860 384 1930 Od
408 1860 467 1929 12.
500 1869 535 1928 et
565 1859 761 1948 „Horace,
785 1861 910 1951 inquit,
931 1859 1032 1956 flate
1054 1858 1252 1956 agreable-

131 1971 227 2032 ment
246 1959 415 2032 Me'ce'nas
423 1984 500 2056 par
518 1963 558 2031 la
577 1959 774 2058 difference
788 1961 873 2056 qn’it
890 1973 963 2034 met
983 1972 1081 2034 entre
1099 1988 1143 2035 sa
1156 1964 1253 2049 maiff

131 2073 242 2138 treme
267 2074 302 2134 et
318 2067 407 2135 celle
426 2068 477 2153 ,de
498 2088 538 2135 ce
550 2064 679 2158 favori
697 2063 732 2135 d'
766 2075 938 2159 Aagrate.
1005 2065 1152 2160 Phryne
1169 2065 1252 2137 e‘tot't

131 2191 200 2239 ane
223 2165 450 2264 affrancbie,
478 2178 513 2238 ct
538 2169 680 2239 Licinia
705 2165 787 2239 etoit
806 2168 910 2241 d'ane
932 2171 997 2241 dea
1015 2173 1103 2264 plus
1131 2170 1252 2241 nobles

121 2269 289 2364 familias
313 2273 361 2341 de
380 2273 505 2341 Rome.
565 2267 712 2361 Phryne
731 2295 777 2341 ne
796 2295 835 2342 se
855 2275 1040 2343 cameravit
1065 2297 1139 2368 par
1167 2271 1252 2343 dan

131 2376 367 2461 reclamant,
402 2384 436 2444 et
458 2375 596 2475 Licinia
617 2371 775 2444 n’aimoit
796 2399 864 2468 qne
885 2374 1062 2447 Mecinus.
1120 2377 1161 2445 lu
1183 2399 1253 2467 qua

132 2479 345 2548 adnotatione
360 2479 441 2547 nihil
461 2478 521 2546 nisi
542 2478 610 2547 hoc
635 2501 752 2547 verum
782 2488 853 2566 est,
884 2489 1028 2570 utroque
1048 2480 1085 2550 in
1105 2481 1253 2549 carmine

132 2582 177 2648 de
194 2606 260 2650 una
279 2583 465 2671 eademque
488 2583 623 2673 puella,
649 2582 827 2668 Terentia,
861 2605 1051 2653 sermonem
1065 2606 1155 2669 ¹esse.
1205 2583 1253 2652 At

134 2683 275 2751 Licinia
294 2685 322 2750 si
359 2686 505 2776 ingenua
531 2685 594 2752 fuit
618 2686 732 2776 puella
762 2685 933 2776 nobilique
953 2687 1030 2756 loco
1051 2695 1146 2775 nata,
1177 2685 1252 2777 quis

119 2788 209 2853 'eam
225 2785 315 2880 dicat
326 2783 429 2856 fuisse
442 2786 648 2855 Maecenatis
665 2788 901 2856 meretricem?
952 2790 998 2859 Et
1017 2792 1091 2880 quis
1110 2813 1179 2859 nou
1199 2790 1252 2857 vi-

133 2888 211 2972 det,
244 2911 275 2954 a
299 2888 408 2956 Poeta
439 2888 601 2979 Phrynen
625 2889 833 2983 libertinam,
868 2890 903 2959 iu
932 2915 1001 2983 qua
1027 2894 1102 2986 ipse
1125 2892 1251 2979 ardeat,

133 3013 277 3080 eamque
303 2990 472 3081 perfidam
498 2992 534 3060 in
556 3014 690 3078 amore,
728 2989 785 3060 hic
819 2997 949 3087 opponi
970 3003 1005 3063 et
1028 2995 1184 3064 nobiliori
1217 3003 1253 3065 et

132 3094 322 3162 formosiorl
343 3095 494 3187 puellae,
528 3117 616 3184 quae
637 3093 829 3164 Maecenati
852 3098 1037 3190 obtigerit?
1074 3099 1165 3167 Hinc
1184 3119 1253 3190 pa·
1358 3145 1370 3170 f

132 3207 266 3265 tronum
280 3220 340 3265 sua
353 3206 442 3265 sorte
455 3197 607 3289 gaudere
612 3196 731 3290 jubet,
758 3222 903 3289 eumque
922 3201 978 3270 vel
991 3202 1036 3270 ob
1060 3211 1252 3294 suspectam

129 3301 311 3369 Terentiae
324 3300 430 3369 fidem
446 3300 501 3369 vel
519 3311 661 3393 propter
674 3303 894 3371 morosiorem
909 3304 982 3398 ejus
998 3304 1145 3375 animum
1159 3313 1252 3373 tecta

131 3400 199 3470 hac
225 3411 388 3493 cautaque
415 3405 544 3472 ratione
567 3405 765 3474 consolatur.
830 3405 920 3475 Eam
946 3407 992 3476 ob
1018 3430 1170 3477 caussam
1185 3428 1252 3500 par

132 3527 269 3595 quoque
294 3516 384 3593 erat,
409 3507 589 3575 Terentiae
607 3522 730 3576 nomen
753 3507 853 3600 plane
872 3509 930 3578 hie
951 3509 1085 3583 reticeri
1107 3533 1253 3601 eamque
1347 3553 1350 3558 ·

131 3630 201 3677 non
220 3609 282 3676 nisi
297 3611 436 3677 eximiae
458 3609 529 3702 ejus
550 3611 763 3679 formositatis
785 3614 957 3681 mentione
976 3613 1153 3708 designari.
1204 3613 1253 3682 Et

132 3734 210 3778 cum
222 3710 381 3780 Horatius
399 3736 495 3781 suum
509 3714 641 3804 iguem,
666 3701 828 3804 Phrynen
842 3716 1047 3801 libertinam,
1069 3710 1251 3809 opposuis-
1364 3708 1371 3717 ⁸

132 3823 184 3882 set
199 3813 384 3905 pulchriori
398 3814 606 3885 Maecenatis
627 3816 716 3908 igni,
741 3816 940 3907 Terentiae,
965 3818 1062 3888 uxori
1082 3819 1253 3911 legitimae

132 3926 167 3984 et
181 3918 364 4009 ingenuae,
397 3941 441 3986 ne
462 3919 543 3986 ficto
564 3920 701 4010 quidem
717 3921 852 3989 nomine
875 3944 951 3989 eam
970 3920 1029 3991 hic
1043 3930 1190 4013 poterat
1203 3916 1260 3993 si⁴

130 4019 304 4110 griticare,
320 4022 400 4110 quin
417 4031 476 4089 aut
489 4022 601 4114 ipsum
613 4022 849 4095 Maecenatem
862 4034 919 4093 aut
934 4025 1128 4094 Terentiam
1142 4025 1253 4095 olien-

131 4120 237 4221 deret.
289 4122 361 4191 Sed
375 4124 468 4213 quod
483 4122 551 4192 hoc
565 4127 643 4193 loco
657 4150 699 4194 ac
711 4124 865 4219 tempore
877 4128 1057 4221 prudentia
1071 4129 1102 4199 ei
1119 4113 1265 4205 dissuat-2.

131 4223 186 4314 sit,
213 4225 251 4294 id
266 4225 421 4298 eamdem
438 4227 469 4296 ei
482 4227 549 4298 alio
562 4238 720 4324 tempore
731 4230 877 4323 locoque
892 4233 1034 4303 suadem
1052 4231 1249 4303 videbimus.
